3006 4676
244 397 307 461 290
541 393 546 408 ›
680 371 874 436 onruut

277 507 490 592 Litoreosque
504 503 600 584 deos,
617 501 790 567 fluvionrm
810 519 843 566 et
858 503 938 567 salsa
955 499 1094 586 fluenta,
1273 523 1314 568 uo

283 623 324 686 Et
342 623 435 686 fusco
452 634 552 684 terras
569 619 746 683 Saturnum
764 617 854 682 crine
869 635 1073 700 moventem,
1122 633 1128 644 '

282 738 536 822 Exstantemque
549 732 664 814 undis,
683 731 723 796 ad
740 731 922 812 juramenta
937 732 1068 814 venire,

282 966 417 1029 Deserat
431 979 470 1027 ut
486 963 595 1027 nullus
611 983 803 1027 communes
820 977 897 1026 ante
912 962 1055 1043 labores,

283 1081 321 1142 In
340 1079 441 1168 patria
458 1076 587 1140 rediens
605 1073 710 1140 donec
725 1077 766 1140 sit
786 1075 925 1165 quisque
941 1091 1099 1164 receptus.

277 1194 411 1260 baeserit
428 1209 461 1258 at
475 1176 685 1274 jnrisjurandi
700 1189 820 1256 foedere
838 1191 994 1278 quisquis
1272 1212 1311 1258 34⁵

281 1309 424 1374 Numina
442 1319 654 1371 contemnens
671 1321 845 1393 superum,
864 1320 1023 1370 testentur
1040 1305 1074 1368 in
1093 1304 1184 1368 illum

282 1424 387 1488 Ultrix
401 1421 548 1503 Iustitia,
568 1437 601 1485 et
616 1441 727 1509 poenss
746 1441 818 1507 quse
834 1419 957 1508 praebet
972 1419 1146 1508 Erinnys.»

325 1539 401 1602 Haec
417 1559 501 1626 ego:
518 1551 599 1601 tunc
615 1549 751 1616 omnes,
767 1535 910 1623 5555555555
927 1552 1070 1622 nemque
1085 1521 1258 1614 timebunt,
1281 1536 1291 1553 '

281 1650 457 1740 Adspirant
473 1665 578 1732 nutu,
595 1647 747 1712 manibus
768 1669 901 1736 quoque
917 1648 963 1712 sic
981 1649 1051 1713 fone
1067 1646 1204 1739 signant.

281 1765 390 1852 Atque
408 1763 466 1827 ubi
482 1782 692 1845 consensere,
709 1777 743 1826 et
756 1762 940 1842 juramenta
955 1759 1092 1843 dedere,
1271 1778 1310 1817 ³⁵0

279 1877 410 1942 Prosilit
425 1876 460 1939 ib
477 1874 623 1942 medium
642 1875 732 1941 nevis
749 1892 830 1941 tunc
845 1876 993 1965 quisquis
1012 1874 1163 1957 adunca,

280 1987 470 2080 Ordineque
485 1989 624 2073 essedit3
646 1989 724 2080 juge
745 1992 858 2056 subter
875 2007 907 2057 et
928 2012 1016 2056 arma
1034 1990 1192 2080 ligabant,

195 2187 199 2192 Δ
277 2107 506 2195 Aptebantque
522 2126 639 2169 manus
654 2106 771 2188 remis3
788 2105 882 2186 jubet
897 2105 953 2170 hic
968 2127 1101 2194 quoque
1116 2104 1238 2194 Tiphys

279 2221 447 2288 Nexilibus
464 2221 594 2310 longam
610 2219 740 2285 chordis
757 2221 950 2286 subnectere
968 2222 1103 2302 scnium,

278 2337 356 2400 Vela
373 2337 448 2402 dare
464 2337 497 2400 in
513 2351 645 2416 ventos,
662 2352 826 2425 portuque
844 2337 978 2402 avellere
995 2337 1116 2402 funem.
1270 2357 1309 2397 555

277 2453 372 2516 Tune
388 2452 484 2515 etiam
499 2451 624 2514 levibus
644 2452 748 2533 tuno,
767 2448 853 2514 Iovis
871 2473 970 2534 uxor,
994 2451 1140 2516 eundum
1296 2451 1298 2456 ’

281 2565 445 2657 Significat
462 2565 583 2646 ventis,
597 2565 804 2655 impulsaque
819 2539 949 2656 itavigut
964 2569 1064 2656 Argo.

281 2687 323 2749 At
338 2691 511 2771 postquam
527 2705 635 2746 remos
651 2681 741 2746 haud
755 2681 831 2746 fessi
847 2699 958 2747 mente
975 2705 1140 2771 manuque
1232 2659 1254 2718 3

280 2801 440 2864 Exercent
456 2821 623 2888 proceres,
644 2815 677 2863 et
690 2819 836 2862 amarum
853 2797 1014 2863 scinditur
1031 2822 1154 2887 sequor,
1184 2787 1190 2798 ⁶

279 2915 420 3004 Spumea
436 2912 477 2978 de
491 2936 586 3002 prore
603 2912 766 2978 deferbuit
781 2912 870 2977 unda
886 2929 1080 2978 tumescens.
1270 2932 1309 2970 ³⁶⁰

328 3028 392 3094 Sed
408 3051 511 3117 quum
528 3052 623 3093 mane
640 3050 767 3093 sacrum
784 3048 921 3118 surgens
935 3013 1079 3118 aperiret
1086 3052 1147 3094 eoo

282 3147 415 3210 Oceano
432 3161 549 3226 terras,
568 3143 764 3230 jamjamque
782 3144 907 3208 Aurora
923 3144 1072 3226 ruberet,

280 3260 381 3324 Dulce
394 3258 568 3322 hominum
585 3257 696 3346 generi
709 3257 820 3321 lumen
841 3258 1031 3346 superisque
1048 3241 1234 3348 reportans,

279 3377 373 3438 Tunc
388 3395 457 3436 sese
477 3371 572 3435 nobis
591 3393 762 3435 nemorosa
778 3371 965 3454 cacumina,
987 3389 1019 3438 et
1037 3375 1108 3438 altis

278 3488 446 3576 Rupibus,
462 3485 620 3550 umbroso
639 3484 680 3549 de
695 3486 832 3568 vertice,
852 3486 965 3550 Pelion
985 3487 1090 3552 offert.
1269 3515 1308 3554 555

281 3603 342 3666 Hic
359 3617 493 3689 propter
509 3615 628 3663 terram
645 3598 767 3687 'liphys
784 3617 917 3665 temone
930 3602 1066 3666 remisso

280 3714 468 3804 Remigibus
483 3713 578 3777 lentis
596 3713 716 3802 impelli
735 3715 874 3794 jusserat
889 3719 989 3806 Argo.
1195 3797 1196 3802 η

279 3831 373 3894 Tunc
392 3850 529 3918 propere
551 3829 625 3892 litus
642 3829 879 3918 contingimus:
899 3829 988 3894 haud
1009 3854 1117 3915 mora,
1127 3833 1210 3913 jacta

282 3945 331 4008 nd
347 3960 463 4006 terram
483 3943 583 4024 scala,
602 3944 705 4030 portis
722 3943 879 4009 intremus
896 3946 1017 4011 amicis.

280 4058 406 4148 Egressi
427 4057 544 4120 heroes
560 4056 679 4144 Minyae
696 4056 774 4121 dant
791 4059 935 4123 membra
954 4061 1065 4147 quieti.
1269 4081 1309 4133 ³70
