2994 4702
241 360 304 429 3'08
679 365 873 430 ORPHEI

280 502 430 586 Cumque
445 499 653 562 ohamaemelo
666 497 798 580 smilax,
813 519 929 562 mecon
946 518 1079 585 quoque
1096 499 1205 588 nigra,

279 616 462 703 Aloyaque,
478 627 510 676 et
523 633 678 700 panaces,
694 627 726 676 et
739 634 895 700 capason,
910 629 1009 699 atque
1022 606 1210 696 aconitum,

280 730 323 794 Et
338 753 410 816 quae
427 726 496 792 dira
512 727 579 792 suis
594 725 657 792 fert
673 728 818 816 gramina
834 743 917 792 terra
933 728 1077 793 venenis.

281 847 319 910 ln
334 842 443 908 medio
456 843 554 932 stipes
569 842 634 932 lagi
648 865 747 923 sacer,
760 841 881 907 arduus
894 844 996 908 altum

280 961 444 1025 Densatur
457 979 607 1040 nemore,
621 973 654 1020 et
662 939 764 1021 'ramis
779 957 994 1046 spatiantibus
1007 959 1081 1022 exit.

278 1075 341 1141 llio
357 1075 457 1164 igitur
473 1073 628 1162 Phryxaea
644 1074 734 1137 omni
749 1072 791 1137 de
808 1089 899 1161 parte
915 1073 1080 1163 refulgens

276 1195 384 1258 Aurea
399 1189 521 1279 pendet
539 1190 625 1254 ovis:
641 1211 773 1278 serpens
787 1189 841 1254 hic
856 1189 972 1255 vellera
987 1189 1110 1254 circum

276 1305 466 1394 Pervigilat,
483 1304 575 1369 dictu
592 1321 776 1369 monstrum
797 1305 987 1370 mortalibus
1004 1305 1152 1370 horrens.

276 1420 360 1486 Nam
378 1421 499 1511 tegitur
517 1419 606 1484 fulvo
623 1421 732 1500 corio,
749 1420 926 1509 multisque
946 1419 1124 1510 superbum

276 1535 453 1625 Amplexus
471 1551 625 1600 truncum
643 1534 736 1620 spiris
753 1533 942 1624 ingentibus
957 1519 1074 1610 ambit,¹

273 1650 466 1738 Infernique
480 1650 567 1714 loris
583 1649 713 1739 signum
733 1672 793 1737 pro
812 1649 929 1713 vellere
942 1665 1036 1714 vexat

268 1765 455 1830 Indomitus
469 1781 595 1846 eustos,
618 1781 651 1828 et
667 1765 774 1828 somni
791 1765 918 1829 nescius
935 1765 1068 1854 anguis,

274 1879 412 1944 Sordida
430 1877 627 1943 convolvens
643 1877 793 1941 humenti
809 1878 933 1942 lumina
952 1878 1040 1944 tabo.

317 1997 378 2058 Ast
393 1993 450 2058 ubi
468 1991 509 2058 de
528 1995 654 2058 eunctis
671 2009 709 2056 ut
722 2009 815 2057 erant
831 1993 996 2058 verissima
1012 1993 1110 2059 rebus
1206 2015 1214 2089 Ι·
1283 2025 1291 2050 ι

273 2107 451 2192 Novimus,
470 2123 503 2172 et
519 2107 661 2174 tenebris
681 2107 833 2189 Hecates,
852 2107 988 2174 custode
1001 2107 1164 2189 dracone,

254 2248 256 2255 ⁸
274 2225 394 2289 Omnia
410 2247 482 2312 quae
497 2222 591 2287 nobis
612 2222 756 2312 prudens
773 2222 888 2288 Medea
904 2225 1049 2306 resolvit,

274 2339 444 2404 Posoimus
461 2339 495 2402 in
512 2354 605 2402 tanto
622 2353 656 2402 et
671 2337 741 2404 sine
760 2361 817 2428 spe
837 2337 1042 2422 discrimine,
1061 2361 1141 2403 saeva

272 2452 350 2536 Quo
366 2452 428 2519 dea
445 2453 486 2544 sit
504 2451 660 2542 placanda
676 2451 795 2535 modo,
816 2455 985 2542 faveatque
1001 2471 1129 2544 rogata,

271 2570 316 2633 Ut
332 2569 375 2634 sit
391 2569 452 2632 iter
469 2591 586 2634 nemus
601 2569 635 2632 in
654 2585 799 2650 vastum,
822 2569 1021 2658 tandemque
1037 2586 1169 2658 recepto

269 2685 308 2748 lu
322 2684 442 2773 patrias
457 2684 521 2748 laeti
538 2682 708 2748 redeamus
724 2685 840 2748 v'ellere
855 2699 967 2748 terras.

268 2801 365 2864 Tunc
384 2798 522 2889 Mopsus
543 2799 638 2880 jubet
654 2822 672 2864 e
691 2801 818 2865 cunctis
835 2799 992 2864 heroibus
1013 2821 1115 2880 unus,

268 2913 352 2980 Naro
368 2913 430 2976 luit
447 2913 580 3003 ingenio
596 2929 701 2997 vates,
716 2913 750 2976 is·
762 2913 879 2978 doctus
895 2928 929 2976 et
944 2929 1030 2995 arte,

267 3029 312 3092 Ut
328 3049 381 3092 me
398 3028 600 3117 supplicibus
616 3027 749 3118 adigant
766 3026 808 3092 ad
824 3049 961 3092 munera
980 3027 1104 3109 verbis,

268 3142 518 3228 Placantemque
531 3141 643 3223 deam,
657 3158 909 3230 monstrumque
921 3141 1063 3206 immane
1077 3142 1269 3208 trahentem.

268 3257 320 3323 Sic
335 3255 382 3320 illi
395 3269 531 3319 orantes
549 3255 632 3318 lacta
647 3255 776 3318 cinxere
793 3277 925 3322 corona.
1262 3275 1303 3327 9³⁶

267 3371 353 3436 Iussi
367 3369 467 3458 igitur
483 3369 651 3459 geminos,
667 3370 784 3434 fortem
802 3393 936 3460 quoque
951 3373 1083 3454 lasona,
1099 3374 1228 3448 iratres,

268 3485 435 3550 Pollucem
450 3483 613 3573 pugilem,
638 3483 829 3574 praesignem
847 3501 880 3550 et
894 3487 1027 3551 Castora
1041 3505 1242 3575 equestrem,

269 3599 477 3686 Mopsonque
492 3595 693 3685 Ampyciden
707 3598 777 3663 loca
791 3622 923 3687 poscere
937 3601 1032 3690 plena
1049 3602 1177 3666 laboris.

270 3717 315 3778 At
328 3733 381 3776 me
396 3728 466 3776 tum
478 3711 518 3775 ab
532 3712 664 3799 reliquis
680 3714 786 3779 solurn
799 3714 913 3780 Medea
926 3733 1064 3804 sequuta
1079 3734 1137 3782 est.

314 3827 393 3890 Post
413 3825 472 3890 ubi
490 3827 685 3917 contigimus
698 3853 786 3912 aras,
808 3829 981 3918 divamque
998 3831 1208 3920 Therapnen,

270 3939 380 4009 Ellodi
396 3941 555 4031 triplicem
573 3945 679 4034 campi
695 3969 794 4038 super
811 3968 940 4036 aequora
959 3928 1100 4012 fossam:

268 4055 425 4124 Atceuthi
440 4071 591 4140 truncos,
612 4059 792 4148 fragmenta
809 4083 943 4149 quoque
963 4060 1051 4126 arida
1066 4061 1174 4145 cedri,
