2994 4702
180 305 181 310 *
274 343 336 407 sss
661 341 949 404 cursiones

274 470 420 558 Hyginus
439 485 548 547 notat,
562 463 718 554 quosdam
734 465 924 546 credidisse,
937 465 1073 552 Iphitum
1090 463 1223 552 Hippasi
1236 463 1341 528 filiurn

272 575 388 654 fuisse,
409 591 441 637 et
457 597 495 634 ex
513 573 740 658 Peloponneso
755 572 888 635 venisse.
909 573 956 634 lta
980 586 1064 633 esset
1081 571 1177 633 frater
1193 571 1336 649 Actoris,

272 679 313 742 de
336 699 403 765 quo
426 676 501 741 ride
518 699 633 764 snpra;
654 699 725 762 quae
745 677 853 739 omnia
871 677 957 739 inter
972 698 1006 738 sc
1022 675 1191 739 conciliare
1207 697 1274 738 nou
1290 691 1339 738 est

273 784 344 870 opis
358 799 486 845 nostrae.
501 781 579 844 Filia
593 781 689 867 lphiti
703 781 882 864 Eurynome
894 779 1024 860 dicitur,
1033 802 1073 844 ex
1087 801 1150 866 qua
1159 779 1338 857 Adrastum

272 885 345 950 vide
363 886 446 949 infra
464 887 495 948 in
515 885 629 948 Talao.
651 867 741 948 illius
760 902 807 948 est
823 885 943 973 iphitus
960 885 1090 973 Euryti,
1104 884 1266 946 OEehaliae
1284 907 1336 946 re'·

203 1019 206 1026 ·
273 993 337 1080 gis,
356 991 454 1071 lilius,
476 992 573 1054 frater
587 992 685 1072 loles,
701 989 789 1078 apud
807 989 954 1078 Apollod.
971 990 1026 1052 lib.
1044 991 1094 1070 ΙΙ,
1121 1012 1187 1076 cap.
1203 990 1245 1070 6,
1266 1000 1281 1065 s
1303 1013 1336 1068 r,

272 1120 369 1183 quem
386 1096 607 1186 Argonauticis
619 1096 713 1159 etiam
726 1095 917 1158 adnumerat
927 1095 1075 1182 Hyginus
1083 1111 1117 1157 et
1128 1095 1336 1180 Apollonius,

272 1205 329 1267 lib.
346 1205 377 1281 Ι,
395 1204 452 1283 86;
474 1202 547 1266 vide
568 1203 601 1265 in
626 1201 726 1285 Olym
749 1217 780 1263 et
803 1202 940 1283 Euryto,
965 1199 1021 1263 ubi
1038 1199 1183 1286 pluribus
1211 1199 1252 1263 de
1275 1200 1335 1262 illis

272 1310 407 1398 egimus.
436 1311 532 1373 Hunc
555 1306 690 1394 lprla'tam
715 1307 756 1369 ab
783 1305 921 1370 Hercule
946 1328 964 1367 e
989 1322 1077 1368 turre
1103 1304 1335 1392 praecipitatum

272 1432 379 1479 narrat
403 1413 566 1476 Diodorus
590 1412 736 1491 Siculus,
762 1411 817 1474 lib.
834 1411 889 1492 IV,
914 1431 985 1498 pag.
1003 1409 1081 1488 1653
1107 1431 1204 1496 quem
1228 1425 1335 1472 tamen

271 1521 424 1610 effugisse
446 1519 479 1580 in
500 1516 654 1580 Euboeam
676 1517 867 1580 scholiastes
891 1515 1059 1602 Sophoclis
1078 1513 1120 1576 ad
1138 1515 1253 1577 Trach.
1272 1513 1334 1578 355

272 1626 418 1688 affirmat.
435 1607 557 1691 Arcum
568 1621 682 1710 Iphiti,
701 1643 799 1708 quem
820 1621 973 1684 Hercules
987 1620 1047 1706 ipsi
1064 1619 1208 1700 abstulit,
1221 1636 1253 1683 et
1267 1643 1335 1706 quo

272 1743 380 1818 postea
398 1731 431 1792 in
451 1727 562 1790 furore
578 1727 697 1790 abusus
717 1743 782 1805 est,
807 1725 945 1789 celebrat
957 1729 1126 1788 Anacreon
1141 1747 1236 1788 versu
1253 1730 1334 1805 42¹3

209 1870 214 1880 =
273 1834 328 1896 ubi
344 1831 628 1896 videBarnesium.

315 2081 456 2162 IPHYS‚
469 2081 518 2144 vel
531 2081 639 2168 potius
654 2079 753 2168 lphis,
771 2081 830 2144 soli
843 2081 970 2145 Valerio
983 2083 1116 2163 Flacco,
1134 2083 1188 2145 lib.
1206 2085 1235 2160 l,
1259 2083 1335 2160 441,

175 2241 177 2244 .
273 2204 488 2268 memoratus,
502 2185 559 2248 ubi
582 2184 759 2248 admodum
781 2186 904 2250 laborat
924 2187 1000 2250 Pius
1019 2205 1050 2250 et
1073 2188 1143 2269 alii,
1164 2187 1239 2274 quia
1257 2187 1334 2251 olim

275 2293 393 2381 Iphitus
417 2291 462 2354 ibi
484 2291 650 2379 legebatur
668 2313 727 2378 pro
746 2289 819 2378 Iphi
841 2293 920 2371 tuis,
944 2310 1004 2356 etc.
1026 2293 1089 2356 Alii
1109 2292 1334 2372 contendunt,

272 2395 425 2459 eirmdem
439 2418 526 2476 esse,
550 2396 606 2482 qui
625 2395 760 2484 Tiphrs;
777 2417 859 2482 quos
882 2415 967 2460 recte
987 2397 1100 2460 refellit
1117 2397 1211 2481 Pius,
1228 2415 1259 2462 et
1275 2392 1334 2461 ab·¹

272 2501 369 2565 surde
385 2501 531 2579 Flaccus,
552 2523 656 2586 quum
674 2499 795 2587 Tiphys
812 2501 1010 2588 gubernator
1026 2502 1143 2584 fuerit,
1169 2519 1201 2565 et
1215 2503 1256 2567 ad
1270 2505 1334 2566 cla·

270 2630 347 2670 vum
366 2604 501 2686 sederit,
522 2605 690 2685 scriberet,
710 2605 777 2684 ejus
803 2622 906 2668 morte
929 2628 1055 2670 remum
1079 2629 1226 2672 cessasse.
1250 2606 1335 2670 Prae·

271 2729 356 2776 terea
373 2709 496 2798 Tiphys
513 2727 663 2774 mortuus
682 2727 731 2774 est
748 2712 781 2772 in
801 2711 1037 2798 Maryandinis,
1064 2729 1102 2776 ut
1118 2713 1185 2800 ipse
1198 2713 1266 2776 Val.
1285 2713 1333 2796 El.

272 2818 327 2880 lib.
341 2817 386 2880 IV
401 2832 569 2897 memorat,
587 2817 686 2904 lphys
703 2837 780 2879 vero
797 2816 929 2879 demum
946 2818 979 2879 in
998 2817 1167 2900 Colchide,
1187 2817 1243 2881 lib.
1257 2818 1334 2898 Vll,

272 2922 354 3005 423;
373 2922 430 2986 ubi
448 2921 521 2985 vide
540 2921 588 2984 Pii
607 2937 639 2984 et
655 2921 785 2984 Maserii
799 2938 908 3003 notas,
921 2939 952 2985 et
967 2920 1008 2986 ad
1024 2923 1077 2987 lib.
1088 2923 1150 3004 VI,
1164 2921 1246 3000 638,
1262 2945 1334 3010 quaa

200 3064 203 3078 ·
272 3029 471 3110 notavimus,
495 3045 527 3091 et
544 3028 677 3091 Balbum
695 3027 735 3091 ad
755 3027 809 3092 lib.
823 3031 857 3110 l,
873 3052 952 3116 7213
967 3051 1066 3116 quare
1084 3053 1122 3093 ex
1136 3031 1204 3118 ipsa
1218 3031 1334 3093 Valerii

269 3136 430 3199 sententia
444 3134 562 3198 diversi
579 3151 667 3198 sunt.
685 3133 840 3198 Alectoris
856 3133 956 3198 fuisse
972 3133 1090 3215 lilium,
1105 3157 1142 3198 ex
1158 3134 1335 3215 Pausania,
1395 3169 1399 3175 ·

273 3242 398 3331 lphyn,
424 3242 481 3328 qui
499 3242 653 3304 Sthenelo
671 3243 810 3329 Capanei
825 3244 930 3306 fratris
951 3245 1000 3306 sui
1022 3243 1088 3306 filio
1104 3267 1239 3332 regnum
1259 3245 1334 3307 reli·

272 3347 352 3435 quit,
371 3361 462 3434 notat
478 3345 633 3408 Maserius
651 3344 691 3407 ad
704 3346 759 3408 lib.
775 3347 807 3428 l,
820 3349 896 3430 4413
911 3348 984 3411 licet
999 3347 1098 3411 alium
1113 3348 1211 3412 fuisse
1227 3347 1335 3428 addat,

272 3475 305 3516 se
325 3468 454 3539 putare3
478 3449 551 3513 vide
566 3451 649 3513 infra
665 3451 697 3513 in
713 3451 807 3514 Leito.

318 3669 506 3748 leTlON,
528 3689 565 3730 ex
591 3667 672 3730 urbe
700 3667 875 3748 Cerintho,
899 3669 958 3733 soli
985 3669 1114 3758 Hygino
1136 3687 1254 3751 notus3
1277 3673 1333 3735 sed

273 3799 375 3863 quum
392 3775 483 3837 locus
505 3773 556 3837 ille
574 3775 687 3861 procul
706 3773 807 3838 dnbio
827 3775 867 3838 sit
881 3791 1071 3864 corruptus,
1093 3799 1200 3863 neque
1222 3776 1252 3839 id
1273 3801 1333 3840 no·

273 3903 347 3944 rnen
364 3879 496 3943 obvium
513 3879 546 3941 in
570 3881 686 3943 saeculo
707 3881 760 3943 illo
784 3881 945 3960 fabulose,
969 3881 1148 3944 verisimilis
1165 3881 1334 3945 Muncleri

272 3985 472 4065 conjectura,
493 3983 548 4048 illo
571 3984 643 4048 loco
668 3983 824 4048 Curtilium
851 3985 948 4048 fuisse
973 4003 1205 4066 memoratum,
1220 3987 1275 4072 qui
1292 3985 1333 4049 ad

272 4092 368 4156 finem
381 4089 494 4177 capitis
510 4089 660 4154 certantis
673 4089 756 4154 filius
771 4089 899 4154 dicitur.
914 4089 1085 4176 Quidquid
1098 4091 1148 4172 sit,
1161 4090 1239 4153 nihil
1256 4090 1333 4153 deli-
