3022 4678
432 379 823 444 ARGONAUTICON
854 379 938 442 ΗΒ.
964 379 1044 441 Vll.
1212 399 1270 464 ¹¹7

251 511 386 598 Jamque
405 526 477 574 toro
497 509 635 599 trepidas
651 511 761 576 infelix
779 512 918 575 obstruit
932 533 1044 574 aurea:

253 625 282 688 N
284 647 320 690 ec
339 647 406 714 quo
421 625 505 690 ferre
521 628 647 716 iugata,
669 649 730 691 nec
746 648 813 714 quo
829 647 862 690 ee
879 643 1003 691 vertere
1021 641 1128 713 posset

253 740 372 804 Prenu
389 739 493 823 ridet3
511 757 606 830 rupta
622 739 720 806 condi
735 742 851 806 tellure
865 743 1033 830 premique

254 859 452 926 iamdudum
469 861 576 948 cupit,
596 883 633 925 ac
649 860 734 925 diras
755 860 888 926 madere
905 883 1009 944 yoces.

256 973 311 1038 llla
327 976 418 1062 sequi
431 973 539 1057 jubet,
557 993 590 1039 et
605 978 706 1064 portis
724 991 884 1065 exspectat
899 978 933 1038 in
953 977 1039 1063 ipsis.
1236 987 1273 1026 ³⁰¹·

256 1087 363 1152 Saevue
381 1087 535 1162 Bchionia
554 1113 614 1154 cen
631 1090 773 1155 Penthea
789 1092 931 1155 Bacchus
949 1091 983 1153 in
1006 1091 1077 1154 auia

256 1198 397 1282 Deserit,
414 1201 538 1281 injectis
554 1225 612 1292 per
626 1205 750 1272 roseida
768 1227 889 1270 cornua
906 1199 1038 1286 vinclis3

258 1312 371 1394 Quum
389 1329 479 1380 tenet
493 1315 546 1380 itte
563 1317 680 1398 deum,
695 1319 951 1408 pudibundaque
968 1320 1107 1408 tegmina
1127 1317 1247 1396 matris,

257 1425 504 1516 Tympanaque,
521 1447 553 1495 et
569 1433 699 1497 mollem
720 1435 829 1498 subito
847 1435 942 1498 miser
958 1433 1072 1520 accipit
1088 1432 1231 1496 hastam:

257 1539 354 1606 Haud
369 1543 461 1608 aliter
474 1545 601 1612 deserta
616 1565 727 1635 pavet,
740 1571 861 1636 perque
875 1549 984 1610 omnia
1000 1547 1121 1610 circum
1241 1561 1275 1598 1⁰⁵

258 1655 333 1720 Fert
351 1659 480 1740 oculos,
498 1661 656 1750 tectisque
675 1677 771 1750 negat
786 1661 961 1750 procedere
980 1661 1080 1748 virgo.

258 1773 378 1836 Contra
396 1795 497 1839 saevue
515 1799 616 1857 amor,
641 1794 753 1842 contra
771 1779 934 1865 periturus
954 1779 1047 1840 lason

260 1887 376 1976 Urget,
393 1904 425 1952 et
438 1888 554 1953 auditae
570 1907 721 1956 crescunt
736 1893 770 1954 in
787 1907 918 1979 pectore
935 1913 1039 1954 voces.

260 2000 333 2066 Heu
349 2001 428 2090 quid
450 2019 521 2093 agat
535 2005 548 2066 ?
562 2005 651 2070 videt
666 2023 798 2070 externo
817 2029 852 2070 ae
874 2006 1011 2094 prodere
1030 2022 1153 2094 patrem

246 2166 300 2228 296.
318 2167 426 2214 onena.
442 2169 479 2216 Sic
498 2169 582 2216 sabell.
599 2171 686 2218 Obruit.
698 2172 773 2218 Vatic.
791 2174 879 2218 Bonan
896 2173 966 2219 codd.
985 2182 1009 2220 et
1024 2171 1077 2218 edd.
1094 2180 1177 2234 preter
1189 2173 1274 2218 Macer.

216 2272 246 2282 —
258 2245 311 2292 300.
327 2247 428 2308 Infestis.
440 2249 497 2296 Bon.
508 2249 561 2296 cod.
573 2251 673 2296 intextis
687 2260 711 2296 et
725 2253 818 2314 insectis
828 2267 872 2314 pro
884 2253 947 2298 varie
958 2253 1010 2300 lect.
1028 2251 1097 2298 idem.
1111 2253 1209 2298 Incertis.
1222 2251 1274 2296 Aid.

216 2325 316 2388 Iojectt's.
330 2327 741 2392 Sabell.l’ina‚iiugent.1njectie...
756 2331 849 2378 edulio
868 2333 901 2378 Ex
918 2333 997 2378 licina.
1015 2333 1077 2392 conj.
1096 2331 1126 2376 ci.
1145 2331 1232 2378 floriet.
1245 2357 1275 2366 -

217 2405 269 2452 ³03.
285 2409 392 2468 Tegmina
404 2409 485 2470 patris.
498 2408 573 2456 Vatic.
592 2409 682 2456 eonon.
700 2410 769 2457 codd.
784 2420 807 2458 et
820 2411 874 2458 edd.
888 2421 941 2457 ante
952 2413 1030 2463 Barna,
1045 2414 1123 2460 Matris
1138 2411 1275 2486 eprendabat

216 2483 295 2532 liciat.
313 2487 358 2533 Eo.

217 2626 333 2679 hoedum
357 2627 519 2680 mirer-atione
541 2630 625 2700 magia
643 2647 723 2702 qnam
768 2633 874 2702 cogerit
897 2631 1010 2697 Medea3
1029 2646 1118 2696 emat,
1138 2634 1277 2686 miseratur

216 2723 306 2758 amore
319 2707 422 2760 Iasonis
437 2707 535 2772 ducta,
551 2706 586 2762 ad
605 2709 723 2781 exempla
768 2703 905 2768 Iasonem,
926 2704 1074 2760 miseranda
1098 2705 1153 2777 ’φεῦ
1177 2703 1275 2774 mgis.

217 2785 350 2858 virginum
377 2806 436 2860 quar
460 2799 547 2860 patres
580 2789 725 2861 fratresque
768 2801 849 2856 quam
859 2783 1074 2856 culpanda,q1ae
1086 2784 1200 2858 ipsarum
1214 2785 1277 2836 den-

217 2863 389 2930 occidisaent,
400 2867 533 2939 proposita
547 2867 689 2922 cohorruit.
768 2882 828 2916 rum
837 2865 975 2919 lenociniis
985 2865 1277 2920 labefactaretnrNidrt

254 2949 313 3014 ²9⁶·
325 2953 430 3013 lamque
449 2961 517 3008 toro,
534 2945 723 3010 cervicalibus,
769 2942 969 2996 adhncrneiiora
976 2943 1134 3016 probatque,
1142 2953 1239 3014 per-etat
1249 2947 1276 2995 in
1347 2979 1353 3004 ,

218 3027 304 3094 inseiis
316 3029 419 3078 absentia
429 3045 512 3078 aures.
523 3063 529 3076 .
541 3067 546 3078 .
559 3045 664 3093 prema,
678 3026 725 3080 de·
770 3041 818 3086 eo,
830 3035 857 3074 nt
867 3021 947 3074 domo
957 3023 1023 3075 nolit
1029 3021 1155 3075 excedere
1163 3039 1170 3085 ς
1178 3035 1204 3074 at
1215 3041 1278 3075 vero

219 3104 361 3174 00000000,
372 3105 399 3156 in
418 3106 548 3177 ungimine
564 3117 673 3170 coacta,
686 3125 726 3157 rn-
772 3103 903 3171 307·3n‚
916 3101 1046 3154 deteriora
1059 3119 1119 3153 mox
1136 3101 1226 3172 incipit
1239 3119 1276 3154 te

215 3199 261 3250 pta
271 3187 345 3236 condi
357 3187 441 3236 tellure
447 3189 572 3254 premique
578 3189 727 3256 jamdudum
770 3181 825 3254 qui.
832 3181 917 3234 Tanta
926 3192 965 3233 est
975 3180 1055 3233 animi
1064 3181 1237 3252 perturbatio,
1250 3191 1279 3232 ut

218 3267 284 3332 cupit
300 3269 437 3337 (optatnm
455 3263 561 3320 solenne
580 3265 607 3317 in
623 3285 727 3318 summo
771 3261 882 3315 affectas
900 3259 988 3314 nudat
1006 3261 1148 3322 affectum,
1162 3273 1190 3313 ut
1208 3279 1279 3313 erno·

218 3343 333 3414 000οΙ0
342 3345 500 3398 vet-samium
509 3347 530 3412 )‚
540 3363 571 3396 ac
580 3348 660 3405 diras,
669 3363 727 3417 quar
770 3357 826 3394 rem
840 3341 908 3394 iuter
922 3353 947 3394 et
960 3357 1065 3394 tensum
1080 3340 1189 3412 pudor-ie
1204 3359 1280 3393 mens

219 3435 336 3494 patrem,
357 3437 381 3477 et
410 3426 528 3492 fratrem,
548 3436 574 3477 et
598 3425 727 3495 patriam,
771 3418 890 3472 fluctuet.
903 3419 1280 3480 Contramnmehementit·
1325 3491 1331 3498 ἰ

219 3501 331 3573 prodere
341 3501 494 3566 euaderent,
503 3505 604 3554 evadere
612 3523 692 3555 acces.
771 3497 866 3562 timue,
876 3517 952 3558 amor,
962 3509 1054 3551 contra
1063 3503 1198 3566 perintrat,
1208 3499 1281 3552 indu-

256 3581 380 3636 300306.
391 3585 482 3636 Venut
503 3581 587 3656 pergit
604 3581 726 3635 admone·
772 3579 821 3630 bie
832 3579 910 3630 morti
921 3577 1047 3643 traditur,
1060 3583 1138 3629 Iason
1147 3595 1224 3648 urget.

220 3679 249 3712 re
258 3663 342 3730 ,jubet
351 3665 432 3729 sequi,
441 3661 547 3716 tandem
562 3663 614 3716 abit
624 3703 631 3728 ,
643 3661 678 3714 ita
691 3673 726 3714 ta·
808 3659 867 3712 308.
883 3663 915 3708 Et
928 3661 1020 3708 atrditoe
1031 3662 1171 3709 cresrnner'n
1179 3673 1281 3726 pectore

221 3749 301 3806 rnen,
321 3756 347 3790 ur
360 3745 443 3808 porcis
458 3742 547 3814 palatii
567 3755 687 3810 exspectet
703 3743 727 3791 in
771 3759 860 3802 voces,
880 3739 914 3793 ad
936 3756 994 3814 qnae
1013 3737 1093 3791 modo
1114 3739 1281 3792 obturaverat

220 3825 286 3890 ipsis.
302 3823 436 3876 Desertam
454 3821 573 3893 igiturne
587 3819 657 3874 videt
670 3819 727 3871 Me·
772 3837 849 3874 eures
861 3822 938 3873 rerba
952 3857 959 3880 ‚
973 3837 1065 3872 eorum
1078 3829 1166 3871 temen
1179 3819 1278 3872 semina

220 3899 284 3966 dea,
298 3913 327 3953 ut
340 3899 403 3954 olim
417 3905 542 3954 Pentheus.
595 3909 599 3920 ·
772 3899 861 3952 furtim
872 3901 898 3952 in
911 3897 1027 3952 animum
1041 3895 1165 3970 delapsa,
1180 3897 1280 3950 radices

257 3981 314 4033 301.
324 3977 392 4033 Vide
405 3979 438 4034 ad
458 3981 555 4035 calcent
572 3981 651 4053 hujus
670 3978 727 4031 libri
772 3980 866 4032 sentim
879 3999 964 4052 egere,
976 3989 1054 4048 ptque
1064 3977 1223 4030 incrementa
1235 3995 1278 4029 ce·

221 4072 275 4114 not.
290 4061 352 4115 iot.
364 4061 415 4114 En.
773 4069 875 4129 perunt.

258 4139 457 4194 3050100000
470 4139 621 4193 adhucdum
634 4139 728 4192 fortem
808 4139 869 4206 309.
881 4136 973 4198 videt,
983 4158 1010 4191 se
1024 4137 1151 4208 peregrini
1166 4133 1280 4186 hominia
1358 4149 1363 4156 ·
