3006 4676
533 379 923 466 ARGONA'UTIGA.
1202 401 1261 468 aar

239 531 313 598 Sole
330 531 450 620 quibus
465 532 594 622 genims
609 531 719 599 AEetes
736 549 850 624 regnat
865 533 899 596 in
916 531 991 596 oris.
1239 551 1264 592 ss

239 647 323 712 llam
341 645 449 711 timuit
464 645 567 714 Pelias
579 647 749 738 presagia,
765 669 807 712 ne
823 646 885 711 sibi
900 646 993 736 regni

238 762 374 827 Auferat
390 761 563 828 AEsonides
578 763 724 828 venturis
737 778 865 851 sceptra
880 761 1006 827 diebus.

239 875 423 942 Fraudibus
442 876 520 942 inde
535 876 602 942 vias
617 876 721 942 fallaci
738 876 838 942 eorde
853 876 1009 942 struebat.

242 990 367 1056 Vellera
383 991 424 1056 de
440 991 571 1058 Colchis
584 1015 660 1057 nam
671 991 809 1073 jusserat
822 1013 919 1057 aurea
930 990 1008 1056 ferri

240 1105 437 1170 Thessaliam
451 1105 493 1171 ad
509 1107 665 1197 pinguem
677 1129 686 1172 ε
698 1105 756 1172 sed
771 1127 835 1170 vox
849 1122 888 1171 ut
904 1107 1042 1194 perculit
1057 1127 1150 1172 aures
1241 1123 1268 1162 ⁶·

242 1219 362 1309 Impia,
374 1221 538 1286 lunonem
556 1222 706 1288 manibus
719 1237 813 1287 vocat
827 1221 881 1286 ille
895 1221 1021 1303 levatis,

242 1334 335 1400 Hanc
346 1337 452 1401 oolere
467 1359 486 1402 e
499 1337 626 1402 cuneda
639 1337 754 1403 solitus
768 1336 948 1404 caelestibus
963 1357 1076 1401 unam.

243 1448 300 1514 Illa
312 1449 423 1514 favens
435 1449 531 1532 justis
543 1450 693 1541 precihus
706 1451 757 1540 pia
769 1466 845 1515 vota
860 1464 1000 1538 sequuta
1014 1465 1080 1514 est:
1154 1483 1157 1488 ·

243 1564 391 1654 Namque
404 1563 578 1630 hominum
596 1567 698 1656 magis
714 1570 802 1631 unus
817 1581 885 1630 erat
898 1564 1034 1630 dilectus
1050 1564 1091 1630 ab
1105 1564 1158 1628 illa

244 1679 389 1743 Heroum
402 1678 585 1769 intrepidus
601 1679 838 1768 superinclytus
852 1677 976 1744 AEsone
990 1693 1095 1743 natus.
1240 1693 1266 1732 ⁶⁵

181 1805 183 1810 ’
245 1793 381 1884 Cogitur
400 1793 479 1857 hino
496 1793 538 1859 ad
557 1816 641 1882 opus
660 1793 780 1875 Pallas,
796 1795 926 1859 lunone
941 1809 1089 1858 vocante.

244 1907 285 1970 At
300 1905 360 1971 dea
380 1907 539 1996 fagineam
552 1906 648 1972 celeri
664 1909 760 1972 struit
777 1906 892 1973 ordine
909 1908 1066 1997 puppim,

246 2021 461 2111 Remigioque
470 2036 574 2111 aptat,
592 2023 709 2087 falsum
722 2045 794 2111 quae
807 2023 912 2112 prima
924 2023 1126 2112 profundum

245 2134 406 2218 Praeterit,
422 2151 455 2200 et
470 2137 569 2224 pleno
583 2139 690 2202 tenuit
704 2159 763 2202 sua
776 2138 872 2203 litora
887 2159 996 2204 cursu.

286 2251 374 2339 Ergo
388 2249 446 2314 ubi
462 2251 685 2342 magnanimos
700 2265 792 2341 reges
806 2251 934 2342 collegit
947 2253 1061 2337 lason,
1244 2285 1270 2324 ,ο

244 2366 384 2456 Impiger
398 2365 439 2430 ad
451 2367 599 2432 Thracen
611 2367 728 2432 celerat
740 2367 871 2457 vestigia
888 2383 1042 2433 nostram.

243 2477 312 2544 Illic
328 2501 381 2544 me
396 2479 519 2545 cithara
531 2481 716 2546 sinuantem
732 2480 855 2570 plectra
868 2503 987 2546 canora

245 2595 390 2678 Invenit,
409 2611 448 2660 ut
460 2617 567 2660 saeros
583 2596 722 2661 facerem
738 2595 817 2677 tihi,
831 2594 1002 2683 Delphice,
1021 2611 1152 2681 mutata,

246 2709 319 2793 Qua
336 2710 497 2776 tmherem
510 2711 674 2792 volueres,
687 2723 873 2798 serpentes,
886 2731 983 2792 rooe,
1000 2709 1161 2800 ferasque.
1212 2749 1214 2758 ·

245 2825 308 2891 Sed
325 2841 498 2914 postquam
514 2842 643 2914 gressus
659 2837 771 2912 optato
787 2821 856 2888 fixit
874 2824 909 2887 in
923 2839 1034 2902 antro,
1187 2835 1190 2842 '
1246 2847 1269 2898 ,s

247 2939 383 3006 Protulit
400 2939 534 3006 ecalido
547 2937 699 3003 mellitam
713 2953 846 3026 pectore
857 2959 982 3002 vocem.

289 3053 448 3144 «Orpheu
465 3053 622 3141 Calliopes
639 3053 770 3142 OEagro
783 3067 859 3115 nate
877 3067 1026 3141 parente,

247 3171 352 3257 Atque
370 3169 403 3234 in
422 3166 565 3232 Bistonia
582 3166 742 3231 Cioonum
758 3187 816 3232 rex
831 3167 973 3255 optime,
989 3168 1093 3232 salve:

246 3285 296 3347 Tu
310 3305 452 3371 namque
466 3281 635 3347 AEmonias
647 3281 798 3370 princeps
811 3279 867 3346 das
881 3279 953 3361 jura
965 3295 1025 3370 per
1036 3282 1154 3369 Alpes,

246 3395 889 3486 Strimouiasqueundas,1lhodopeaque
902 3397 1071 3462 eacumina
1083 3419 1221 3463 summa.
1246 3422 1271 3460 aa

248 3515 321 3603 Ipse
334 3535 394 3603 ego
410 3535 483 3578 sum
497 3511 624 3602 Minyes
638 3513 736 3603 regali
749 3513 907 3603 sanguine
919 3528 1026 3578 eretria

247 3629 419 3693 Thessalus
433 3627 605 3693 AEsonides
614 3677 623 3710 ,
643 3628 762 3717 hospes
779 3628 838 3693 tibi
854 3644 962 3694 certus
978 3627 1159 3696 habendus.
1266 3674 1270 3687 x

248 3745 292 3808 At
313 3758 368 3822 tu,
386 3765 510 3831 quasso,
525 3743 596 3808 lave
611 3743 743 3833 coeptis,
762 3757 794 3808 et
808 3744 938 3833 percipe
955 3761 1063 3834 grato,

249 3859 331 3942 Quae
351 3858 476 3946 loquar,
494 3856 627 3940 auditu,
641 3879 702 3922 neo
718 3856 922 3922 inexorabilis
941 3873 1022 3924 esto.

293 3972 433 4036 «Euxini
457 3972 621 4062 Pontique
635 3973 746 4054 sinus,
759 3988 792 4036 et
812 3971 951 4038 Phasida
967 3987 1077 4038 tutum
1248 3997 1271 4036 as

247 4087 295 4156 'l'e
307 4102 433 4180 petere,
454 4103 487 4154 et
502 4103 682 4154 monstrare
701 4087 797 4152 maris
808 4109 882 4176 'quo
897 4087 1025 4176 naviget
1040 4090 1126 4178 Argo
