3022 4678
376 307 380 314 Ι
420 359 791 430 ARGONAU'I'CON
822 366 907 429 LIB.
932 363 1014 426 Vll.
1193 383 1252 446 107

231 494 325 557 lllum
342 493 437 556 etiam
457 494 532 558 totis
550 494 731 561 adstantem
746 495 901 580 noctibus
917 515 1078 582 anguem,
1133 507 1135 520 '

231 605 297 689 Qui
317 628 432 670 nemus
447 629 545 671 omne
563 631 676 686 suum,
694 611 817 699 quique
833 631 931 674 aurea
947 607 1083 696 (respice
1098 604 1210 696 puinol

231 721 356 784 Vellera
375 737 424 786 tot
442 721 535 810 spinis
551 723 693 801 circum,
711 741 760 789 tot
777 723 930 790 ductibus
947 723 1076 810 implet,

230 835 353 916 solvat,
377 835 456 899 etin
474 857 606 900 somnos
624 837 748 926 ingenti
764 840 867 903 solvat
884 839 925 902 ab
945 859 1038 902 orno,

225 951 306 1014 ‘Haec
324 949 382 1015 tibi
402 972 511 1014 nunc:
526 949 649 1034 Furiis,
666 967 763 1040 atque
778 953 839 1040 ipsi
858 969 971 1021 caetera
989 951 1110 1017 mando
1121 983 1143 1016 w.
1219 981 1255 1020 ¹7⁰

230 1065 315 1128 Tum
331 1064 443 1128 Venus
459 1065 615 1154 aligerum
632 1083 733 1132 mater
745 1067 792 1133 sic
807 1069 893 1132 fatur
907 1069 1087 1133 Amorum:

188 1267 191 1274 Δ
230 1210 243 1234 «ι
255 1179 324 1244 Nec
340 1179 417 1261 tibi,
434 1203 538 1267 quum
554 1181 677 1269 primos
692 1205 839 1272 aggressa
854 1205 887 1246 es
903 1180 1031 1246 flectere
1045 1203 1158 1248 sensus

231 1293 389 1382 Virginis,
407 1286 583 1382 ignotaque
601 1295 746 1358 animum
763 1295 951 1384 contingere
969 1317 1063 1377 cura,

232 1407 401 1472 Defuimus
416 1431 424 1472 ι
442 1408 514 1472 data
530 1410 686 1475 continuo
701 1409 758 1475 sed
772 1410 901 1500 cingula
919 1411 979 1475 soli

231 1524 350 1588 Nostra
373 1523 454 1608 tibi,
470 1525 543 1612 quis
560 1542 648 1591 mota
665 1525 739 1590 loco
754 1525 975 1614 labefactaque
991 1526 1095 1590 cessit.
1219 1519 1255 1572 '⁷⁵

232 1622 419 1703 Haud'satis
437 1654 500 1721 est,
516 1638 573 1704 sed
589 1662 641 1704 me
659 1639 727 1728 ipsa
745 1662 850 1728 opus:
867 1657 901 1705 et
916 1640 1100 1704 cunctantia
1115 1655 1256 1728 poscunt

234 1755 367 1820 Pectora
385 1777 452 1842 me,
469 1753 655 1843 dubiusque
671 1754 780 1844 pudor
792 1779 799 1821 :
810 1755 876 1837 jam
893 1755 1012 1820 foedera
1027 1757 1101 1820 faxo

232 1869 358 1935 AEscnii
375 1885 464 1959 petat
476 1871 544 1960 ipsa
562 1870 636 1954 viri,
654 1886 841 1960 metuatque
856 1871 985 1936 morari.

222 2048 274 2110 169.
292 2051 364 2111 Coget
375 2049 405 2094 ab
416 2063 489 2102 cmo,
505 2063 550 2111 pru
565 2047 628 2096 varia
646 2050 700 2096 lect.
716 2051 806 2098 Bonna
822 2049 876 2096 cod.
894 2051 987 2096 Stemat
1001 2060 1031 2096 et.
1048 2049 1138 2096 litt-lec.
1155 2075 1186 2084 ——
1202 2063 1256 2110 ¹7⁰·

190 2131 243 2176 ltoa
257 2127 338 2174 Facite.
348 2126 424 2174 Vatic.
435 2127 488 2173 cod.
507 2129 572 2174 lunt.
594 2126 649 2174 atd.
665 2128 751 2174 liner.
765 2128 831 2174 Cart.
851 2130 871 2176 l.
889 2131 948 2176 Nam
966 2132 1018 2176 Fur.
1031 2129 1131 2190 lingent.
1149 2129 1208 2174 Bon.
1225 2128 1257 2173 ll.

189 2233 220 2242 -
239 2214 290 2267 174.
306 2207 353 2254 Sed
370 2207 436 2255 nbat
453 2206 479 2253 ia
494 2207 569 2254 vatic.
579 2207 634 2254 eod.
648 2207 989 2270 Magnentiacae.
1007 2217 1031 2255 et
1047 2208 1104 2254 aad.
1121 2217 1174 2254 tute
1189 2209 1256 2254 Gerr.

189 2286 481 2346 -176.Btcwtctantic.
496 2287 572 2334 Vetic.
590 2297 614 2335 et
631 2289 721 2334 Bonan.
741 2287 812 2336 codd.
825 2289 915 2334 Βοιιοη.
933 2288 944 2334 l
962 2297 986 2335 et
1005 2288 1037 2334 11.
1056 2290 1135 2351 [paam
1155 2303 1212 2350 opas
1227 2296 1256 2334 et.

189 2367 253 2412 lunt.
272 2367 359 2413 liner.
379 2365 430 2413 ald.
448 2367 548 2429 Eugent.
571 2393 601 2402 —
623 2383 674 2427 177.
690 2370 785 2415 Pectora
804 2383 846 2414 aec
867 2369 1001 2432 dubiaeque.
1021 2369 1113 2415 Bonan.
1133 2376 1157 2414 et
1174 2369 1258 2415 Bam.

189 2444 260 2492 codd.
277 2445 320 2492 En.
447 2449 448 2452 ’

190 2589 326 2643 volumina
338 2601 480 2662 torquent,
494 2593 584 2642 circam
598 2594 697 2660 implet,
743 2593 819 2656 serit,
833 2593 889 2662 ipsa
905 2605 999 2664 sponte
1014 2610 1056 2644 ret
1070 2601 1131 2663 aget
1143 2609 1213 2644 tuac.
1224 2617 1257 2630 -·

190 2669 272 2741 cingit
286 2667 419 2741 undique,
429 2673 515 2722 solvat.
745 2671 822 2725 Conf.
835 2671 914 2725 ovid.
928 2671 993 2725 Met.
1005 2673 1050 2735 11,
1066 2678 1133 2735 140:
1141 2673 1254 2738 sttraaace

229 2753 286 2818 167.
297 2751 395 2816 Respice
400 2769 493 2817 porro,
504 2750 613 2821 procul,
622 2769 637 2802 e
647 2750 700 2804 lon.
743 2765 833 2803 coeterc
844 2755 945 2802 mando.
956 2752 1008 2804 Eo.

191 2831 291 2902 ginquo
304 2820 484 2901 (δεικτικῶς),
494 2827 555 2881 vide
566 2847 653 2901 qutcco
670 2829 699 2880 il·
782 2846 907 2898 ¹7¹·192·
924 2829 1017 2882 Venus
1031 2830 1125 2881 annuit
1143 2830 1258 2882 lunonis

191 2911 232 2963 lic.
244 2916 322 2961 Pana
332 2907 384 2961 hoc
394 2927 472 2962 censu
481 2909 580 2975 rastas,
591 2921 618 2961 et
628 2907 700 2961 Gne·
744 2907 866 2980 precibus
875 2945 883 2972 ,
899 2907 1019 2980 nihilque
1033 2907 1104 2961 aliud
1121 2908 1239 2978 postulat
1248 2945 1257 2971 ,

191 3007 223 3042 co
244 2981 454 3062 munemita)
468 3001 641 3060 usurpatum
662 2998 701 3041 eat
744 3004 825 3059 quam
841 2999 870 3039 ut
887 2988 1009 3040 Jaeonem
1029 2987 1057 3039 in
1079 2987 1141 3040 laco
1167 2986 1257 3040 Diana

191 3080 280 3121 tamen
294 3067 374 3120 etiam
389 3067 461 3139 apud
472 3067 565 3139 virgil.
578 3071 638 3121 AEn.
649 3067 699 3132 Vt,
746 3066 838 3120 adesce
852 3067 951 3138 jubeat.
967 3071 1027 3117 Tum
1038 3071 1117 3118 Venae
1138 3069 1258 3134 aligeram

192 3127 376 3218 711.-l'ide
389 3147 423 3200 ad
437 3147 538 3201 calcem
549 3147 702 3220 hnjntlibri
746 3152 867 3198 Amorum
887 3145 1146 3213 mater(conf.V1,
1166 3143 1256 3216 457):

191 3238 249 3280 not.
265 3227 323 3296 167.
336 3227 387 3280 En.
747 3237 822 3279 antea
837 3244 889 3278 nun
909 3224 956 3276 tibi
971 3223 1058 3287 delui,
1072 3241 1154 3295 quum
1171 3227 1259 3292 aquata

231 3307 288 3372 169·
306 3309 402 3366 Scluat,
417 3321 442 3356 et
455 3308 480 3357 ia
496 3325 592 3358 somnos
611 3308 705 3375 ingemi
747 3324 807 3356 carc
814 3303 1031 3358 animumMedeae
1039 3307 1259 3373 wntthgmfflrtc-

192 3387 272 3435 calcat
284 3389 317 3436 ab
330 3405 398 3438 cmc.
413 3387 457 3439 Bit
474 3387 612 3458 repetitum
624 3390 704 3438 solvat
746 3383 891 3455 attingere,
901 3402 1017 3453 aggressa
1031 3401 1064 3436 es.

193 3461 220 3514 h.
233 3463 251 3515 1.
265 3482 319 3516 non
334 3465 435 3535 placet,
449 3479 475 3526 et
488 3466 570 3538 priori
583 3467 643 3519 loco
656 3485 702 3538 po-
785 3471 841 3534 174.
854 3471 921 3515 Data
931 3465 1030 3531 cingula
1040 3464 1087 3513 eali
1098 3475 1184 3512 nostra
1198 3464 1254 3523 titi,

192 3541 310 3596 nendum
328 3548 438 3607 molliat,
454 3545 494 3598 vel
508 3550 627 3607 muleeat,
644 3565 703 3597 cua·
746 3543 811 3595 nulli
820 3543 864 3596 alii
876 3560 1003 3613 umquam
1015 3559 1157 3614 *concentu
1171 3544 1258 3608 quibas

193 3621 273 3676 dente
281 3623 449 3688 But-manno,
459 3625 500 3678 vel
510 3639 618 3686 suniae,
628 3622 703 3695 quad
747 3639 814 3674 mota
828 3626 880 3673 Ioco
901 3623 1072 3688 labefactaque
1084 3620 1121 3688 (a
1132 3619 1258 3692 gladiato·

195 3700 287 3754 maluit
295 3701 432 3769 Herelius,
444 3703 493 3777 Ep.
504 3704 561 3757 crit.
570 3723 598 3776 p.
609 3723 653 3774 71.
668 3734 703 3744 -
745 3701 819 3754 ribus
828 3711 932 3772 sumpta
940 3698 1110 3752 nuntiatione
1120 3703 1144 3770 ),
1153 3700 1259 3753 turbata

194 3779 278 3833 Poscit
290 3799 398 3853 quoque
407 3781 458 3854 legi
472 3787 551 3834 tollat.
561 3784 613 3835 Eu.
723 3781 728 3791 '
747 3782 849 3847 animo,
862 3781 941 3840 cessit,
955 3778 1081 3832 ohcittere
1093 3796 1147 3831 non
1162 3779 1256 3851 potnit.

233 3877 291 3928 ¹7⁰·
306 3865 380 3922 Hac,
394 3873 424 3914 nt
435 3881 551 3915 amorem
563 3861 652 3914 denno
661 3861 702 3912 in·
748 3860 845 3914 -Vid.
855 3859 890 3912 acl
901 3859 967 3913 calc.
978 3859 1024 3932 huj
1030 3858 1089 3914 ..lib.
1099 3877 1126 3911 n.
1140 3859 1197 3930 175.
1208 3860 1257 3911 En.

193 3938 306 4004 fundat,
318 3943 363 3992 tibi
379 3961 462 3992 nane.-
477 3946 555 3994 Fau-ils
572 3957 647 4010 atque
658 3943 705 4009 ipsi
786 3943 842 4010 176.
863 3943 1010 3992 cunctantia
1029 3953 1136 4006 poscunt
1154 3954 1259 4006 pectora

195 4019 294 4073 Medea
305 4035 396 4072 catera
410 4025 513 4081 maadc,
525 4039 583 4094 quae
594 4020 615 4073 ei
624 4020 704 4072 semel
748 4039 786 4071 ate
797 4023 930 4088 dubiusque
937 4023 1030 4088 pudor,
1046 4017 1178 4072 fluctuans
1192 4017 1260 4070 inter

196 4097 294 4170 impetu
309 4099 406 4152 amoris
419 4119 474 4154 aete
487 4113 635 4173 correptam
648 4119 704 4153 ten·
749 4117 862 4152 amorem
874 4109 900 4150 et
909 4097 1038 4170 pudorem
1050 4096 1160 4149 animun.
