3006 4676
553 249 567 286 l„

230 351 294 435 296
643 347 859 413 ,onrnnr

274 479 337 544 Sed
354 502 457 567 quum
472 463 536 558 jam
554 479 678 544 medios
692 501 806 544 cursus
824 503 889 542 nox
904 495 972 542 atra
989 479 1128 562 teneret,
1242 539 1246 544 ,
1263 500 1300 539 55.

276 597 342 658 Iret
358 610 390 658 et
409 594 561 658 occiduas
575 611 735 658 astrorum
753 596 861 684 fulgor
875 595 908 657 in
927 593 1047 676 undas,

274 711 379 774 Altior
391 710 508 773 invasit
524 726 630 773 nautae
645 710 857 773 tumlumina
874 731 1024 790 somnus,

275 823 357 888 Inde
374 824 441 887 deae
458 815 608 888 mandata
623 825 710 914 gravi
727 847 794 887 non
811 847 893 888 vana
911 847 1028 912 sopore

275 939 462 1011 Horrisonae
479 938 628 1000 instantis
644 959 873 1025 comprensum
889 937 1026 1002 Palladis
1044 955 1178 1030 urgent,

275 1055 418 1142 Fataque
436 1053 583 1118 divinum
603 1055 648 1117 sic
664 1071 712 1118 est
728 1078 764 1118 es
785 1057 892 1118 fronte
910 1055 1051 1121 minaci:
1261 1073 1298 1112 ⁵³⁵

320 1169 507 1258 «Agniada,
528 1169 667 1249 dormis,
685 1133 802 1232 sorlrno
818 1191 968 1258 percusse
983 1168 1167 1258 profundo,

276 1284 362 1348 Pelle
376 1299 487 1372 tegens
504 1285 632 1347 oculos!
649 1282 705 1346 sed
716 1285 781 1365 jam
795 1284 1001 1374 consurgite,
1017 1284 1135 1374 Tiphy,
1154 1330 1159 1340 ·

275 1399 318 1463 Et
334 1415 443 1462 tutum
460 1397 500 1462 ad
516 1398 591 1461 litus
610 1398 693 1461 saltu
711 1395 878 1486 depuppe
896 1397 1010 1476 jubeto

277 1516 328 1578 lre
343 1511 456 1598 duces,
470 1513 610 1578 informe
626 1528 737 1575 tenent
753 1512 809 1576 ubi
822 1535 941 1601 eorpus
954 1535 1059 1578 arenae

273 1630 433 1719 Hospitis,
453 1629 649 1716 inferiasque
665 1628 732 1692 ‹lari
748 1643 780 1692 et
796 1651 853 1694 sua
868 1632 980 1700 funera
997 1651 1097 1711 caes03
1263 1649 1301 1693 sn

276 1745 333 1810 Dis
347 1745 437 1810 Rhea
452 1765 593 1833 namque
606 1744 699 1824 jubet
716 1769 803 1810 sacra
818 1764 850 1809 et
863 1745 1013 1809 libamina
1028 1748 1103 1810 l'erri

276 1860 434 1942 lnior-nis,
454 1861 624 1949 largosque
641 1859 743 1923 oeulis
757 1860 950 1924 stillantibus
970 1861 1104 1943 imbres3

275 1979 401 2064 Fasque
417 1977 526 2064 pium,
539 1991 637 2063 atque
651 1975 749 2054 hujus
764 1975 810 2039 sie
823 1975 950 2064 hospita
966 1997 1077 2038 mensa
1090 1977 1224 2058 colatur,

237 2167 241 2173 Ι
277 2091 384 2174 Quem
396 2092 504 2170 jaculo
524 2090 643 2154 invitus
659 2090 781 2169 trajecit
797 2091 901 2153 noetis
918 2091 952 2152 in
970 2089 1085 2154 umbra

257 2285 259 2293 ἢ
276 2207 418 2288 Alcides,
443 2207 554 2293 iraque
571 2204 662 2267 deam
682 2205 847 2270 concussit
863 2228 980 2269 amara.
1261 2223 1301 2268 ⁵4⁵

276 2327 333 2386 Ast
351 2323 408 2386 ubi
419 2321 525 2401 justus
541 2321 647 2384 honos
664 2321 793 2385 babitus
811 2319 853 2384 dc
874 2345 965 2384 more
978 2323 1133 2410 sepulcri,

274 2434 356 2500 lnde
371 2434 439 2498 deae
454 2434 617 2498 adsedem
637 2435 770 2498 venietis
787 2433 977 2523 Dyndimon
994 2435 1111 2500 altam:

275 2549 336 2614 llic
353 2547 506 2638 placanda
525 2549 621 2614 saeris
633 2548 769 2612 Telluris
784 2547 847 2612 filia
863 2549 1019 2636 pulchris.

276 2667 370 2729 'l'unc
383 2663 479 2726 funes
496 2662 643 2742 trahere,
665 2678 698 2725 et
713 2663 819 2726 ventis
838 2661 915 2726 dare
933 2665 1003 2728 vela
1024 2666 1165 2732 licebit».

319 2781 396 2843 Haec
413 2779 470 2842 ubi
488 2777 552 2842 lata
570 2777 628 2841 dea
645 2792 713 2860 est,
733 2779 811 2842 abiit
823 2800 977 2842 conversa
993 2781 1105 2869 sagitta
1262 2807 1300 2844 555

273 2893 371 2956 Ocior
386 2890 427 2955 ad
440 2913 595 2980 superos:
611 2891 714 2954 oculis
731 2891 808 2954 huic
822 2891 913 2982 pellis
929 2892 1040 2960 abacta
1055 2893 1119 2977 est,

276 3009 343 3090 Qui
357 3028 494 3096 propere
507 3006 655 3068 exsiliens
671 3004 830 3094 populum
844 3006 983 3072 clamore
996 3009 1148 3092 vocabat,

276 3123 361 3186 Hine
374 3139 471 3208 atque
490 3119 565 3183 inde
581 3141 733 3198 movens;
755 3120 826 3183 illos
841 3143 940 3208 sopor
956 3123 1038 3186 altus
1055 3124 1203 3191 habebat.

275 3243 316 3302 At
332 3253 456 3300 tremor
474 3234 552 3298 lrinc
566 3234 685 3316 aninri;
706 3233 762 3297 sed
774 3249 947 3323 postquam
960 3259 1040 3301 voce
1053 3234 1182 3304 vocatos

274 3354 396 3416 Heroas
412 3349 524 3412 docuit
539 3371 597 3436 per
612 3369 766 3411 somnum
781 3373 855 3414 vera
869 3350 1042 3439 loquutus,
1263 3375 1300 3414 555

275 3468 448 3530 Surrexere
462 3464 534 3545 citi,
552 3480 584 3528 et
597 3463 679 3526 saltu
694 3463 759 3543 jam
782 3465 874 3529 litora
888 3485 1038 3554 posount.
1382 3441 1385 3449 Ι

319 3579 406 3642 Tum
424 3599 553 3642 croceas
571 3578 697 3642 Atuora
715 3577 799 3643 laces
813 3579 878 3660 jam
895 3597 992 3646 nocte
1007 3584 1116 3674 fugata

274 3693 494 3774 Praetendens,
512 3692 611 3756 rutilo
629 3695 799 3784 spargebat
816 3696 938 3762 lumine
953 3698 1077 3762 eaelum.

273 3809 386 3892 Quum
404 3807 479 3872 celsi
494 3829 643 3895 proceres
661 3809 780 3900 Minyae
795 3811 905 3875 videre
922 3812 1058 3877 cadaver

272 3919 407 3983 Pulvere
422 3919 593 4001 foedatum,
610 3921 788 4012 liventique
802 3948 858 3988 ora
873 3948 1004 4010 cruore,

272 4035 381 4122 thue
399 4037 479 4098 feras
498 4035 590 4119 alias,
608 4039 749 4127 ingentia
766 4062 918 4128 corpora,
935 4043 1075 4123 circum,
