3002 4680
434 343 831 410 ARGONAUTICON
860 345 947 412 ΗΒ.
970 349 1029 414 Vl.
1207 357 1250 441 49

129 543 139 560 ,
230 478 379 544 Discolor
393 499 481 542 arma
499 499 598 565 super
612 477 859 566 squalentesque
876 501 938 544 aere
953 481 1088 547 lacertos
1212 503 1251 546 sss

230 593 397 658 Barbarioe
410 591 553 680 chlamys
569 591 661 656 ardet
676 615 754 674 acu,
770 594 1019 683 tremefactaque
1030 613 1129 662 vento

229 709 349 796 Implet
366 730 507 797 equum,
524 706 627 794 qualis
644 708 744 772 roseis
760 709 786 771 it
801 708 930 774 Lucifer
946 710 1023 794 alis,

231 823 339 904 Quem
353 823 463 886 Venus
476 821 592 886 illustri
604 819 722 910 gaudet
735 822 914 910 producere
928 827 1016 892 caelo.

273 939 317 1001 At
333 958 400 1000 non
414 933 491 1000 inde
504 935 620 1024 procul
633 935 809 1002 Rhamelus
825 955 858 1004 et
871 961 944 1004 acer
957 942 1075 1008 Otaxes

229 1051 436 1139 Dispulerant
448 1050 586 1115 Colchos
603 1052 786 1140 pariterque
801 1053 957 1142 inglorius
971 1057 1095 1124 Armes.
1215 1077 1254 1120 sas

167 1188 173 1206 ¹
224 1145 355 1232 'Fraude
369 1189 451 1232 nova
468 1167 591 1232 stabula
608 1183 641 1232 et
655 1166 749 1231 furtis
764 1185 910 1234 assuetus
926 1170 1038 1238 inultis

228 1283 435 1372 Depopulare
451 1303 582 1372 greges,
595 1284 739 1347 frontem
755 1307 858 1372 quum
875 1287 1029 1353 cornibus
1045 1291 1134 1355 auxit

230 1395 403 1485 Hispidus,
422 1397 522 1484 inque
535 1397 589 1462 dei
602 1398 695 1462 latuit
708 1413 832 1463 terrore
844 1401 958 1488 Lycoei.

229 1512 298 1576 Hac
310 1529 390 1576 tunc
405 1512 560 1578 attonitos
576 1512 655 1578 facie
671 1511 824 1578 defixerat
837 1513 956 1580 hostes.

230 1627 339 1710 Quem
355 1627 453 1691 simul
467 1626 578 1716 ignota
595 1625 769 1692 lormidine
782 1626 866 1692 bella
878 1645 1065 1694 moventem
1214 1653 1253 1694 sss

228 1739 318 1806 Vidit
329 1743 417 1806 Aron
428 1763 436 1806 t
448 1771 461 1797 ι
472 1741 608 1806 Peridus
624 1757 672 1822 te,
684 1741 808 1829 inquit,
823 1762 913 1805 nunc
923 1763 994 1806 rere
1009 1744 1177 1834 magistros

228 1857 270 1920 Et
283 1855 438 1920 stolidum
450 1855 579 1944 petiisse
592 1877 707 1944 pecus;
724 1876 791 1918 non
808 1875 944 1944 pascua,
962 1877 1022 1920 uec
1035 1879 1107 1946 seps

229 1971 290 2035 Hic
308 1971 385 2036 tibi:
404 1969 572 2034 nocturnis
589 1969 679 2034 mitte
694 1969 763 2034 hec
780 1969 949 2034 simulacra
964 1972 1108 2059 rapinis,

215 2177 269 2227 526,
281 2183 357 2226 Areet.
368 2177 443 2224 Codd.
457 2187 481 2223 et
497 2176 552 2224 edd,
569 2182 654 2238 preter
671 2177 771 2238 rugant.
791 2179 929 2240 tumescere.
946 2178 1026 2240 Aliqui
1045 2179 1109 2242 apud
1125 2181 1200 2229 Pium¹
1219 2209 1249 2220 ..

183 2260 238 2318 ⁵27·
250 2257 345 2319 Qualem
357 2259 428 2304 rossr's
436 2266 467 2303 ut.
476 2256 552 2302 Varie.
563 2255 616 2302 cod.
629 2255 710 2302 llerer's
719 2257 750 2300 cit
760 2255 818 2317 legit
830 2255 890 2302 Plus.
904 2257 1000 2317 Qualem
1010 2273 1028 2304 r.
1042 2259 1067 2304 it.
1085 2261 1177 2308 Bouou.
1194 2263 1250 2310 cod.

184 2340 275 2383 Bouorn
287 2337 305 2384 1.
318 2336 397 2396 Quat's
407 2351 425 2382 r.
437 2345 465 2381 st.
479 2335 533 2382 ald.
551 2361 582 2370 -
593 2335 646 2396 529.
656 2333 787 2382 Rambelus.
798 2333 1049 2392 VatieBorromdd.
1062 2339 1152 2385 Βοιιοπ.
1164 2341 1175 2385 l
1186 2351 1210 2387 ot
1220 2344 1250 2390 ll.

183 2415 329 2463 nauus.
339 2413 483 2462 amns.
497 2415 575 2460 sum,
591 2421 641 2459 soe
657 2437 688 2449 -
703 2412 757 2460 ⁵³0.
775 2414 859 2460 ame.
869 2414 945 2462 vtes.
956 2414 1047 2464 nouos.
1059 2417 1130 2465 eoas.
1140 2421 1251 2468 cessar
1356 2407 1368 2430 ⁸

183 2505 207 2540 et
215 2495 247 2542 ll.
257 2496 323 2541 lunt.
335 2495 421 2542 Mner.
429 2493 528 2554 sugent,
539 2495 621 2540 Amr.
636 2492 727 2538 ΔΜ-
735 2491 790 2540 533.
803 2493 917 2555 hipsldus.
928 2495 992 2541 lunt.
1005 2497 1091 2544 liner.
1106 2498 1209 2560 Ruperat.
1220 2525 1251 2538 .-

182 2573 237 2622 5³5.
249 2573 434 2638 Agnotastlatie.
443 2574 535 2619 Boron.
546 2570 617 2618 codd.
629 2571 720 2618 Bonum
732 2572 743 2616 l
758 2581 783 2618 et
798 2572 829 2619 ll.
842 2575 880 2620 Ao
890 2583 953 2620 not«.
967 2576 1095 2623 Burmann.
1105 2592 1135 2624 ex
1147 2579 1211 2640 coni.
1219 2606 1250 2618 —

183 2654 238 2715 537.
248 2655 302 2700 Non
310 2669 399 2716 pascua
415 2667 494 2700 mator,
503 2651 579 2698 Varie.
591 2653 682 2698 nonos.
694 2651 764 2699 codd.
773 2653 866 2700 Bouorn
887 2655 906 2699 l.
922 2657 952 2702 Ν.
961 2671 987 2716 p.
999 2648 1042 2702 a'ee
1056 2657 1104 2704 bor.
1116 2658 1207 2708 Βοῃοῃ.
1219 2663 1251 2710 Η,

181 2733 246 2780 lunt.
257 2733 344 2779 ssuer·
355 2729 409 2779 ard.
419 2731 485 2776 Gerr.
497 2730 516 2776 ῐ,
529 2731 575 2776 Nec
585 2743 644 2791 spes.
661 2730 726 2775 carr.
740 2730 770 2776 ll.
782 2733 832 2778 Nee
847 2745 907 2792 sepa.
920 2731 1018 2780 Salmas.
1033 2734 1066 2781 ad
1084 2736 1201 2798 Spartica.
1219 2763 1249 2774 «-

182 2811 236 2859 538.
254 2813 389 2860 Nocturnus.
406 2811 470 2855 lunt.
492 2809 577 2854 Mater.
592 2807 645 2854 ud.
663 2808 793 2854 Simulum
808 2809 890 2856 Panis.
909 2810 986 2856 Varie.
1005 2811 1059 2858 cod.
1077 2815 1251 2880 &molamque

182 2892 263 2938 Panis.
274 2893 365 2937 Boron
374 2887 430 2936 cod.
438 2888 528 2933 sonos
540 2886 559 2932 l.
567 2887 633 2932 lunt.
643 2887 729 2934 liner.
738 2885 791 2933 tlt.
800 2887 886 2934 Panos.
895 2889 985 2934 Bouorn
994 2890 1026 2935 ll.
1037 2891 1079 2938 ltu

182 3089 231 3150 pto
249 3076 368 3148 Proserp.
389 3073 551 3140 rar,Venur
570 3069 693 3125 eumdem
737 3071 815 3126 Panis
837 3087 977 3142 personam
998 3070 1100 3135 induit,
1122 3084 1152 3125 ut
1170 3073 1247 3130 Puni·

182 3156 301 3209 nominat
315 3171 400 3216 summ
414 3151 483 3207 adde
496 3151 543 3206 Sil.
554 3150 611 3205 Ital.
622 3151 692 3215 vn,
736 3169 813 3213 cum,
822 3161 1019 3220 quernroceut,
1028 3149 1247 3207 obriisterrorem

183 3236 251 3305 639:
263 3237 357 3286 Oceani
367 3247 496 3285 renovauts
512 3233 609 3299 lucifer
622 3234 692 3282 unda
735 3229 875 3282 incuteret.

181 3317 310 3366 hudamr
320 3315 418 3365 Veneri.
772 3307 833 3375 534.
849 3307 906 3361 llac
923 3308 1002 3381 igitur
1017 3308 1081 3363 facie
1095 3306 1183 3364 hostes
1200 3311 1248 3365 ali-

218 3397 277 3462 529.
288 3399 323 3445 At
340 3412 389 3443 non
405 3391 463 3443 inde
470 3395 561 3460 procul
571 3393 689 3458 inglorius
735 3385 854 3462 quandiu
872 3387 995 3462 deceptos
1007 3407 1090 3460 quum
1103 3383 1246 3458 tenuisset,

181 3478 284 3534 Aunes,
306 3491 359 3524 non
388 3471 457 3524 bello
483 3481 621 3535 strenuus,
644 3467 691 3522 sed
735 3467 1247 3537 {penemquesonnidinnterriculamento

172 3553 269 3620 srarcde
285 3571 366 3612 nova,
380 3559 528 3604 commento
546 3545 689 3618 singulari,
734 3547 855 3610 insolito,
876 3543 904 3598 in
927 3547 1047 3618 prelium
1070 3545 1244 3618 precederet,

181 3634 276 3683 stabula
293 3644 317 3682 et
334 3649 424 3700 greges
432 3629 510 3698 furtis
528 3629 623 3688 inultis,
641 3627 690 3678 im·
735 3631 804 3678 Aron
812 3663 820 3686 ,
833 3629 954 3694 pavidos,
972 3625 1075 3697 inquit,
1089 3645 1155 3676 nunc
1167 3639 1244 3698 purae

179 3728 251 3782 pune
276 3710 382 3774 adhue,
405 3712 554 3779 depopulare
581 3697 689 3773 solitus}
735 3709 865 3774 magistros
892 3703 1041 3776 pecudum,
1065 3715 1200 3777 pastores,
1223 3725 1247 3761 er

171 3791 282 3858 smntem
299 3789 369 3844 euim
384 3793 496 3842 cornibus
512 3791 599 3847 auxit,
609 3785 691 3858 capili
735 3785 847 3837 stolidum
855 3786 953 3853 petir'sse
966 3803 1041 3853 pecus
1046 3805 1057 3844 ,·
1070 3803 1119 3834 ncn
1127 3803 1241 3852 pascua,

180 3867 306 3940 prefixit,
329 3881 359 3922 ut
380 3867 517 3943 procerior
538 3864 688 3929 rideretur,
733 3885 779 3917 uec
802 3884 855 3934 seps
877 3867 916 3916 lic
935 3865 995 3925 ut&
1017 3865 1142 3914 nocturnis
1161 3867 1241 3926 ntiae,

147 3957 154 3965 '
179 3949 300 4016 hispidus,
313 3946 456 4011 horridus,
470 3946 553 4020 passis
571 3943 688 4015 capillis,
732 3945 1169 4018 permitte,servu,loecrlmulaem
1178 3947 1244 4012 rapi-

180 4028 254 4094 r'nque
266 4031 307 4080 dei
314 4027 385 4081 leude
392 4044 481 4080 terrore
491 4027 574 4092 Lscoer'
582 4029 608 4094 (a
615 4041 690 4076 mon·
733 4029 772 4077 nis
780 4047 790 4087 ,·
797 4029 856 4078 dem
867 4043 964 4094 quoque
973 4021 983 4088 (
991 4025 1115 4095 tlpotuu'rc
1123 4019 1134 4086 )
1142 4041 1243 4076 comm

179 4113 206 4156 le
231 4105 348 4161 Amne
365 4108 476 4180 Lyceo,
498 4123 553 4158 non
572 4105 689 4177 Lyceo),
734 4109 861 4168 karam,
872 4121 920 4158 nec
932 4101 1168 4174 derunegotimeo.

292 4205 334 4273 11.
1064 4203 1085 4276 4
