3022 4678
188 425 190 433 ι
257 387 317 465 ι48
354 383 410 449 ΙΝ
437 383 527 447 LlB.
550 382 817 447 SEPTIMUM
850 385 1261 454 ARGONAUTICON

251 498 337 572 quod,
346 513 429 570 quum
438 492 494 548 duo
502 504 589 547 nauta·
599 493 779 560 nominentur,
790 493 857 549 duos
868 507 959 568 portur
968 497 997 549 in
1008 497 1098 550 animo
1108 497 1229 553 hahuirae
1237 511 1314 573 pocta

251 584 361 638 videtur.
376 581 518 650 AEgypturn
531 577 620 648 itaque
629 578 712 630 nolim
722 577 840 643 excludi,
858 591 996 653 totumque
1008 581 1111 648 locum,
1121 583 1157 636 ita
1176 596 1265 638 tamen
1285 595 1315 637 ut

252 671 364 721 lonium
373 677 399 718 et
407 667 529 714 curamve
537 661 622 732 legere
631 662 723 726 liceat,
732 663 770 716 aio
781 664 951 718 intellexerim
961 685 967 717 :
978 666 1039 718 Non
1048 664 1084 718 ita
1094 679 1180 738 atupct
1190 667 1316 721 Etruscus

252 754 422 826 gubernator,
438 747 485 819 qui
499 758 607 818 portum
618 745 737 812 Tiberia,
753 765 803 800 nea
819 747 923 800 Ionium
942 767 1016 802 mare
1035 750 1251 822 transnavigans,
1268 750 1315 823 qui

254 839 354 888 Pharon
372 826 465 883 cleram
482 848 568 881 serena
584 849 653 889 arce,
674 829 778 900 ignibat
797 831 974 884 collustratum
986 833 1092 898 turrim,
1097 853 1217 902 praeceps,
1229 833 1314 907 plenia

255 917 319 973 velia
328 957 337 980 ,
346 919 426 976 subir't,
445 932 528 986 prope
544 913 666 976 acoerait,
682 913 710 965 in
727 931 759 965 eo
771 913 830 978 luit,
844 923 874 966 ut
886 914 1013 978 intraret,
1027 935 1149 983 nusquam
1165 921 1231 968 ostia
1246 917 1315 980 Nili,

254 1021 373 1070 nusquam
382 1001 532 1062 Ausoniam,
545 994 663 1057 ltaliam,
676 998 754 1056 vides,
774 1009 798 1046 et
809 995 923 1060 (melius
943 1001 991 1059 at)
1005 1015 1081 1048 Μαι
1096 999 1317 1064 accederemlier)
1393 1015 1399 1024 ·

254 1093 347 1154 Syrtes,
363 1083 398 1137 ad
409 1082 496 1134 brevia
511 1079 553 1133 illa
566 1097 675 1133 arenosa
687 1079 782 1132 Africae
794 1097 850 1132 aare
861 1097 888 1131 re
899 1077 1029 1132 rellatum.
1041 1106 1053 1126 .

289 1171 356 1240 Apta
369 1167 486 1238 pingitur
497 1164 542 1218 illa
561 1165 756 1236 comparatione
768 1163 869 1220 latonia
883 1163 964 1228 animi
975 1164 1099 1229 allectio,
1112 1165 1158 1237 qui
1177 1183 1204 1217 re
1214 1164 1318 1218 velleris

256 1248 329 1303 aurei
343 1252 452 1322 jamjam
471 1257 620 1318 compotem
639 1264 708 1308 erae,
725 1247 782 1308 vel,
799 1256 874 1298 ntea
892 1256 952 1297 utar
968 1246 1137 1318 metaphora,
1154 1267 1207 1320 qua
1226 1261 1318 1302 auctor

256 1351 318 1385 usur
332 1343 371 1385 eat
384 1330 596 1402 comparatione,
606 1341 713 1402 portum
724 1331 778 1402 jam
795 1341 885 1382 tenere
896 1328 1024 1383 crederet.
1035 1329 1147 1386 Ovidius
1158 1332 1196 1385 ait
1205 1330 1238 1386 de
1252 1352 1319 1386 nave

258 1433 331 1488 que,
349 1432 432 1486 quum
447 1415 475 1467 in
494 1433 525 1468 eo
543 1424 620 1478 erret,
638 1425 668 1466 ιιι
686 1425 792 1485 portum
811 1413 930 1477 auhiret,
948 1414 1074 1468 inultum
1087 1415 1216 1489 rejicitur,
1229 1419 1319 1470 Amor.

160 1491 164 1500 ’
257 1497 467 1569 ll,9,31etsq.

397 1626 429 1671 Ut
440 1623 541 1678 auhitua,
552 1639 628 1686 prope
636 1626 685 1684 jun
697 1639 781 1686 prema
794 1625 890 1679 tellure,
903 1623 1004 1670 carinam

439 1701 585 1760 Tangentem
596 1709 680 1760 portur
691 1709 774 1746 rentur
785 1698 810 1744 iu
821 1699 868 1746 alta
879 1698 948 1760 rapit.

259 1849 318 1900 Non
331 1857 416 1917 poan
434 1845 476 1899 ιιι
492 1819 566 1898 tien
579 1845 607 1897 n
623 1845 758 1898 canionis
770 1845 884 1898 edition
896 1845 1025 1916 intelligi,
1038 1844 1081 1899 cui
1093 1846 1170 1898 nimis
1182 1847 1323 1916 ohsequun

259 1942 320 1983 runt
334 1929 457 1982 Heinsius
468 1946 501 1980 ac
514 1929 689 1980 Burmannus.
700 1930 789 1981 Potior
800 1942 839 1983 eat
853 1941 879 1981 et
899 1929 1035 2002 archetypi
1047 1929 1146 1983 codicia
1159 1949 1174 1982 a
1187 1931 1260 1983 litera
1274 1931 1321 1982 mi·

261 2014 334 2066 nimo
346 2011 434 2064 minua
445 2009 548 2064 abludit
560 2029 671 2082 sequena
682 2012 774 2066 lectio:

399 2140 454 2184 Non
465 2138 495 2185 ita
505 2139 639 2198 Tyrrhenus
649 2147 728 2201 atnpet
737 2140 864 2201 louiuaque
875 2141 1000 2203 magister,

399 2213 448 2270 Qui
457 2214 506 2273 jaru
518 2222 554 2266 te,
565 2212 686 2268 Tiberina,
699 2223 781 2268 tuens,
791 2217 924 2276 claramque
936 2231 1017 2262 surena

402 2287 461 2332 Aroe
472 2285 576 2346 pharon,
585 2302 690 2349 precept
701 2288 791 2344 subito,
802 2304 916 2350 unuqumr
928 2291 997 2346 οιιΙι,
1010 2305 1124 2352 nusquam

401 2359 527 2406 Antoniam
539 2359 616 2416 videt,
626 2370 649 2406 at
657 2377 727 2408 rever
739 2361 850 2410 aecedeie
858 2363 944 2422 Syrtes.

264 2521 370 2580 hoeceps
380 2512 536 2566 tententiam
546 2512 654 2565 turbare
663 2514 816 2567 Burmanno
825 2513 976 2578 ridebatur,
987 2513 1059 2586 quod
1072 2513 1144 2565 hunc
1156 2513 1243 2566 locum
1254 2530 1329 2564 secut

265 2595 466 2667 interpungehat
476 2613 482 2647 :
489 2615 599 2664 preceps
611 2614 706 2668 nempe
717 2595 788 2650 idem
801 2609 839 2651 est
853 2597 926 2669 quod
938 2603 1051 2665 abreptus
1063 2596 1186 2650 nimirum
1202 2593 1327 2666 procella.

264 2687 353 2732 Serena
362 2698 415 2731 non
427 2689 512 2750 potest
522 2677 677 2750 aignilicarc,
685 2691 714 2732 ut
721 2681 903 2736 cenaetBurm.
912 2683 1000 2742 lueida,
1008 2683 1073 2750 ignes
1082 2683 1207 2732 ostendens
1215 2701 1224 2736 .·
1232 2699 1281 2730 arx
1290 2697 1326 2728 sa·

264 2762 492 2832 rauchinco&
501 2766 586 2824 ιιιπὺ,
595 2761 642 2815 aed
651 2762 980 2836 coelum,quen1admodum
987 2763 1142 2816 hocValerii
1151 2762 1259 2827 loco‚V‚
1268 2761 1328 2813 305:

266 2850 378 2914 Qrmlr'ter
388 2867 420 2898 cx
436 2851 489 2899 alta
502 2867 575 2916 quum
591 2851 686 2916 Jupiter
700 2868 756 2900 arce
767 2863 886 2900 coruscat.
900 2851 957 2900 Arx
967 2845 1045 2919 igitur
1055 2866 1140 2898 serena
1153 2846 1189 2898 nil
1202 2843 1276 2896 aliud
1288 2855 1328 2897 est

265 2950 346 3003 quam
357 2935 442 2984 coelum
453 2951 575 2992 screnum,
592 2932 665 3002 quod
681 2933 741 2986 sinit
752 2945 840 3003 aperte
854 2931 971 3003 conspici
982 2930 1074 2985 turrim
1094 2933 1206 2999 (claram
1213 2931 1331 2996 pharon)

266 3016 299 3070 ad
320 3015 416 3068 ortium
436 3015 539 3069 Tiberia
561 3027 730 3070 exstructum.
749 3015 825 3068 Hanc
847 3027 964 3068 erexerat
988 3013 1114 3066 Claudius
1137 3012 1332 3083 inexemplum

267 3099 448 3152 Alexandrinae
463 3097 539 3152 Phari
549 3101 559 3166 (
569 3098 622 3152 vid.
634 3099 741 3152 Sueton.
755 3098 849 3152 Claud.
862 3116 920 3168 cap.
936 3117 968 3150 ao
979 3101 1000 3168 )‚
1012 3111 1042 3150 ut
1052 3097 1086 3151 ad
1102 3107 1247 3150 nocturnos
1260 3097 1332 3166 ignes

269 3201 378 3236 cursum
391 3181 496 3254 navigia
510 3180 661 3253 dirigerent.

305 3339 338 3389 V.
354 3339 395 3408 87.
409 3343 469 3388 Tum
479 3352 573 3399 tamen,
588 3335 693 3406 infhndd
703 3357 758 3404 qua
770 3341 812 3388 dee
821 3357 934 3406 responsa
948 3354 1062 3405 pronao,

413 3423 517 3488 Collrffit.

271 3541 339 3604 Quo
357 3539 389 3591 rit
405 3538 444 3593 via
457 3539 531 3592 verbi
541 3544 633 3609 colluvie
644 3540 706 3595 licet
715 3539 777 3596 inde
790 3542 948 3615 intelligere,
966 3545 1036 3616 quod
1049 3563 1081 3598 eo
1095 3563 1147 3597 non
1159 3543 1238 3596 semel
1253 3541 1334 3594 utitur

273 3623 415 3694 Virgilius,
431 3623 478 3678 uhi
501 3624 558 3695 quia
576 3642 666 3677 ornnes
688 3625 773 3691 vireo,
794 3646 934 3682 omnemve
964 3627 1151 3700 prudentiam,
1172 3627 1226 3679 aive
1252 3643 1336 3697 oppu-

273 3703 372 3779 gnandi
381 3707 437 3762 rive
447 3707 634 3780 propugnandi
643 3727 722 3762 causa
732 3746 740 3774 ,
749 3710 896 3782 recolligit;
910 3731 941 3765 ex
954 3731 993 3784 gr.
1006 3715 1065 3764 AEn.
1077 3713 1112 3774 x,
1123 3719 1172 3775 lta
1182 3727 1189 3774 ;
1203 3711 1265 3776 x11,
1276 3716 1334 3778 491·

310 3862 344 3915 V.
362 3861 417 3914 103.
429 3869 464 3913 At
479 3865 588 3931 trepida,
605 3879 629 3915 ar
639 3867 729 3916 medios
744 3869 807 3917 inter
822 3871 917 3919 deserta
930 3865 1199 3936 perenna-Medea,
1216 3863 1337 3937 quamvis

275 3946 488 4018 interperentea,
500 3946 555 3999 sola
569 3947 621 4000 ribi
632 3947 735 4002 videtur
752 3951 879 4024 relinqui,
899 3951 1050 4007 discedente
1067 3953 1130 4019 illo,
1146 3950 1191 4023 qui
1207 3952 1261 4022 jam
1279 3961 1336 4001 turn

275 4027 326 4099 ipsi
338 4037 377 4102 e'pt
387 4049 455 4083 unua
470 4030 587 4084 omnium
605 4031 682 4085 loco:
698 4033 720 4085 ia
736 4045 881 4089 ert-sentus
896 4037 966 4090 vocia
980 4041 1089 4096 deserta,
1102 4054 1180 4108 quam
1195 4051 1250 4086 uon
1263 4029 1338 4085 intel·

277 4113 339 4166 lexit
350 4115 522 4186 Wagnerua,
535 4128 646 4171 autnon
659 4117 721 4170 ratis
735 4119 869 4192 explicuit.
