3022 4678
408 393 805 462 anconaurrcon
837 396 922 458 ant.
948 394 1052 459 vrn.
1204 419 1264 484 179

235 531 428 620 Terrigenas
445 523 480 594 in
496 531 561 595 fata
577 530 667 614 dedi,
685 533 795 595 fusum
815 551 890 594 ecce
905 527 1056 592 draconis

235 649 362 734 Corpus
379 647 496 730 habes,
511 647 644 736 jamque
660 669 760 711 omne
777 646 884 728 nefas,
893 646 977 728 jam,
991 665 1106 732 spero,
1122 648 1232 736 peregi
1242 679 1264 711 ν.

278 761 449 844 Qnaerenti
465 779 546 838 tunc
560 761 678 826 deinde
694 761 795 842 riam,
812 783 877 849 qua
894 783 929 823 se
948 751 1071 828 arduus
1088 759 1186 825 heros

234 877 347 941 Ferret
363 875 405 941 ad
421 878 574 966 aurigerae
591 892 690 965 caput
701 875 826 941 arboris
842 899 849 938 :
869 905 880 928 ν
895 875 966 957 Eia,
984 897 1043 963 per
1057 876 1166 962 ipsum
1226 906 1263 932 n.

233 989 358 1056 Scande
371 1012 444 1079 age,
463 1005 496 1053 et
511 990 646 1055 adverso
662 1011 809 1078 gressus,
823 989 883 1069 ait,
901 989 1052 1076 impn'me
1070 988 1200 1054 dorso.-

234 1107 303 1172 Nec
321 1128 412 1170 mora
429 1105 465 1168 fit
481 1130 488 1168 :
506 1105 600 1170 dictis
617 1105 721 1170 fidens
737 1105 888 1170 Cretheia
904 1105 1011 1193 proles

233 1222 360 1302 Calcat,
377 1237 424 1302 et,
441 1243 566 1285 aeream
586 1222 752 1309 quamvis,
766 1219 930 1309 perfertur
945 1218 986 1283 ad
1002 1242 1140 1304 ornum,

233 1339 333 1419 Cujus
352 1336 460 1402 adhuc
476 1337 606 1401 rutilam
623 1336 794 1401 servabant
810 1335 942 1400 brachia
958 1335 1096 1424 pellem,

232 1453 385 1517 Nubibus
402 1454 544 1516 accensis
562 1451 717 1533 similem,
735 1467 793 1515 aut
807 1473 930 1538 quum,
946 1467 1035 1514 reste
1051 1451 1212 1534 recincta,
1225 1476 1261 1514 ns

233 1567 368 1632 Labitur
384 1566 510 1632 ardenti
526 1567 757 1632 Thaumantias
773 1565 868 1630 obvia
881 1565 1015 1630 Phoebo.

235 1684 379 1772 Corripit
396 1699 546 1771 optatum
564 1680 681 1762 decus,
697 1696 949 1767 extremumque
965 1681 1110 1746 laborem

222 1883 273 1928 ¹⁰7·
289 1868 378 1929 by'eeta
393 1867 453 1912 dedi.
467 1866 558 1912 Bonan.
574 1865 627 1910 cod.
644 1866 734 1910 Bonum
752 1866 762 1909 l
781 1874 805 1910 et
823 1865 853 1910 ll.
873 1865 937 1908 lunt.
951 1865 1036 1911 Meser.
1049 1892 1080 1900 -
1095 1867 1142 1913 113.
1160 1871 1267 1932 Qumis

186 1947 308 2010 perfertur.
322 1945 375 1992 ald.
393 1947 438 1991 llo.

182 2096 245 2164 sata
266 2097 338 2155 dedi,
352 2110 434 2166 opera
452 2111 513 2168 mea
534 2091 651 2159 factum,
674 2103 704 2144 ut
787 2097 845 2155 114.
858 2091 966 2143 Brachia
976 2106 1039 2146 sunt
1050 2094 1263 2166 ingenteerami:
1353 2123 1360 2132 ·

189 2193 217 2227 ee
239 2173 353 2228 invicem
373 2173 424 2244 ipsi
442 2171 591 2236 crederent;
604 2173 703 2242 fictum,
748 2169 856 2222 memini
875 2180 965 2223 tamen
985 2171 1090 2243 legere,
1109 2175 1200 2230 arbori
1221 2179 1266 2234 isti

188 2265 368 2325 prostratum,
379 2255 496 2304 draconis
509 2271 610 2320 corpas,
623 2251 704 2323 signi·
748 2261 879 2321 tropeum
895 2250 971 2322 qnasi
989 2249 1100 2305 affixum
1118 2254 1214 2320 luisse,
1234 2278 1265 2313 ex

188 2332 311 2386 licentius
326 2349 407 2404 quam
425 2330 587 2396 draconem,
606 2330 705 2383 molem
749 2347 803 2400 quo
817 2329 903 2381 vellus
913 2327 1050 2401 penderet.

188 2411 259 2464 enim
272 2409 409 2484 exprimit,
422 2414 516 2470 haben
532 2413 638 2480 jamque
651 2427 704 2460 om·
787 2407 1266 2483 115.Similemnnbibnraccensis,eo·
1350 2404 1355 2420 ⁴

189 2510 221 2542 ne
240 2491 325 2560 nefas,
342 2507 424 2558 spere,
439 2491 541 2559 peregi,
558 2501 603 2542 tua
621 2487 706 2560 gratia
749 2487 782 2540 lis
791 2486 873 2540 radiis
884 2486 1202 2563 collustratie(Apollon.
1213 2497 1264 2566 1v,

188 2568 254 2636 leci,
270 2569 432 2640 qure'lacere
449 2587 503 2621 non
519 2566 660 2620 debebam.
669 2597 705 2608 -
753 2567 801 2620 115
811 2585 818 2619 ε
830 2573 917 2639 νεφέλῃ
930 2571 1077 2642 ἐναλίγκιον,
1091 2574 1108 2631 ri
1122 2583 1146 2628 r'
1157 2579 1265 2643 ἀνιόντος

188 2649 245 2703 Hoc
256 2667 312 2702 non
331 2661 392 2722 apte
406 2648 561 2720 wagnerus
585 2646 706 2720 explicet·
750 2646 836 2710 lintion
851 2662 990 2728 φλογιρῇσιν
1010 2661 1131 2730 {pritesen
1152 2665 1266 2721 ἀκτίνω-

188 2729 285 2782 sensus
299 2740 355 2782 eet:
370 2746 448 2800 spero
459 2728 565 2780 nullum
574 2728 650 2780 nest·
663 2745 706 2780 su·
750 2755 787 2788 σιν
796 2731 817 2800 ),
833 2745 878 2786 aut
891 2735 965 2787 arcui
986 2737 1099 2801 caelesti,
1112 2741 1186 2811 quod
1203 2761 1265 2815 poe-

188 2825 294 2878 pereaec
307 2805 381 2880 quod
395 2827 410 2861 a
424 2825 467 2860 me
486 2807 612 2880 postules.
627 2806 706 2859 Putat
750 2813 801 2866 tice
811 2814 846 2866 ita
859 2813 984 2867 effertur:
996 2819 1188 2883 Thaumantias,
1199 2823 1266 2889 Iris,

189 2884 284 2940 Medea
293 2904 321 2940 ae
328 2889 385 2959 jam
399 2886 542 2939 annotatis
556 2885 706 2939 facinorum
750 2907 820 2944 veste
834 2895 956 2954 recincta,
972 2892 1007 2946 ad
1027 2897 1264 2968 promptitudinem

189 2963 342 3029 admisieee;
355 2965 423 3017 nihil
436 2965 541 3017 sceleris
553 2965 623 3018 ultra
636 2963 705 3035 cogi-
750 2973 976 3043 celeritatemque,
992 2989 1046 3043 qua
1059 2974 1131 3028 Jovi's
1145 2989 1171 3030 et
1183 2980 1264 3035 Junc-

189 3057 244 3109 tat,
256 3063 315 3116 qun
329 3054 419 3098 tamen
437 3053 555 3096 versatim
571 3043 659 3097 adhuc
677 3044 706 3096 in
749 3049 867 3122 nisjuesa
878 3049 1035 3122 perliceret,
1048 3053 1265 3125 exprimendam,

189 3122 361 3191 rudimentis,
371 3123 392 3176 si
402 3122 528 3194 respicias
539 3121 639 3176 sutura.
649 3122 703 3177 En.
749 3131 840 3180 labitur
851 3131 862 3198 (
872 3128 987 3182 solennis
1000 3148 1052 3183 vox
1063 3129 1098 3184 de
1111 3131 1164 3187 diis
1174 3135 1202 3189 in
1217 3149 1267 3193 ten·

227 3200 704 3272 aro.Perr'psnmd1·aconemscaade‚·
747 3225 807 3260 ram
826 3225 854 3260 se
871 3207 1183 3279 mnterenubmmvta,
1200 3231 1230 3270 ut
1250 3238 1266 3273 e

189 3281 329 3336 eonsilium
345 3280 455 3354 pericmi
466 3280 593 3352 plenum,
607 3281 652 3334 cui
665 3292 704 3335 ta-
748 3286 855 3359 regione
863 3281 1076 3351 etet,adrersnm
1083 3289 1265 3357 habeatne·-

188 3379 250 3414 men
268 3361 355 3415 statim
375 3361 540 3432 obtemperat
555 3360 703 3428 racemat-
749 3369 803 3418 bum
824 3369 968 3432 amenum,
982 3367 1046 3421 solie
1062 3369 1161 3426 radios.
1173 3383 1266 3431 -lle

188 3443 232 3492 etit
247 3444 334 3512 fidens
353 3438 470 3506 Medea,
489 3457 570 3511 qnam
590 3453 652 3512 post
666 3454 705 3496 tot
749 3449 843 3506 cincta,
871 3444 1017 3514 discincta,
1041 3450 1189 3521 explicata,
1211 3475 1266 3512 non

188 3520 279 3592 gravia
299 3531 450 3592 perpetrata
474 3519 563 3574 fallere
587 3537 615 3573 re
637 3519 705 3576 velle
749 3527 893 3585 alticinctis,
908 3537 938 3578 ut
954 3525 1078 3581 videntur
1088 3542 1184 3602 putare
1194 3533 1267 3592 Wa.

188 3597 298 3654 eredere
307 3617 362 3652 non
371 3609 487 3672 poterat,
496 3613 524 3653 et
533 3600 704 3671 quantumvis
748 3620 848 3675 gnerus
857 3621 888 3656 ac
899 3605 987 3658 ceteri
998 3605 1161 3680 interpretes.
1171 3613 1223 3669 En.

188 3697 300 3739 amam,
315 3677 449 3750 epitheton
458 3690 615 3751 perpetuum
627 3679 705 3733 arbo-
787 3685 1101 3740 nootvtartoeteidem
1112 3690 1182 3744 valet
1191 3696 1265 3766 qnod

187 3775 248 3811 ram
261 3775 452 3830 procerarum,
465 3761 589 3826 [κήπων
605 3763 643 3810 ad
660 3780 702 3810 or·
747 3765 851 3814 adverso
861 3766 913 3814 sole
926 3761 978 3816 hoc
993 3764 1100 3838 Virgilii
1112 3766 1190 3838 loeo,
1201 3776 1265 3828 AEn.

187 3855 257 3890 ntem.
281 3837 315 3888 In
338 3835 435 3890 arbore
458 3835 626 3890 dissentiunt.
653 3838 704 3892 Or·
748 3839 801 3904 IV,
811 3859 878 3912 701:
892 3845 963 3895 Mille
975 3847 1051 3896 eatis
1062 3851 1149 3902 varior
1163 3857 1266 3907 adverso

187 3913 275 3985 phem
301 3915 382 3968 habet
399 3915 507 3984 [φης
530 3917 704 3988 Apollonius,
749 3923 800 3972 tole
814 3923 980 3976 colomella.

188 3993 239 4046 eibi
261 4013 318 4048 non
340 4004 481 4061 constans,
502 3995 584 4049 modo
593 4000 701 4066 sagum,
790 4017 849 4069 ¹¹7·
871 4003 973 4071 Corripit
989 4019 1098 4073 optantur
1118 4013 1206 4072 decus,
1227 4031 1268 4065 ee·

189 4071 273 4127 modo
282 4093 411 4143 puram,
421 4074 551 4128 nominat.
561 4075 658 4130 Nostro
667 4096 705 4128 on
751 4077 860 4132 lerrime
871 4079 1065 4154 apprehendit,
1075 4087 1148 4156 quod
1158 4099 1211 4142 tam
1222 4091 1269 4146 din

188 4153 469 4220 antestetiam,Vll,
481 4152 540 4207 ⁵35.
754 4158 931 4230 appetiverat,
943 4173 997 4215 tam
1009 4161 1080 4237 longi
1090 4164 1190 4220 itineris
1200 4187 1269 4242 pru·

1109 4287 1158 4330 12.
