3002 4680
246 345 286 406 50
478 379 480 388 ,
547 337 584 398 C.
610 333 808 398 vntuutt
838 333 1012 397 FLACCl

286 474 375 539 Neve
389 469 488 534 deum
501 464 583 530 mihi
595 463 696 552 linge,
711 462 791 527 deus
802 485 934 550 quoque
946 485 1079 526 consere
1092 462 1238 526 dextram
1247 493 1270 525 ι.

288 590 340 654 Sic
355 588 418 666 ait,
433 585 623 668 intentaque
639 579 787 660 adjutum
803 579 922 642 missile
938 581 1046 667 planta
1272 599 1311 644 ⁵40

289 702 422 792 Dirigit,
438 715 471 764 et
485 697 580 787 lapsis
595 709 771 784 patuerunt
785 695 919 758 vulnera
932 665 1033 758 villis.⁸

332 817 401 882 Nec
415 815 525 879 minus
538 811 637 892 AEolii
652 806 759 896 proles
773 809 879 874 AEetia
892 808 1012 898 Phryxi

288 935 404 998 Fertur
421 945 454 996 et
468 929 536 1017 ipsa
551 927 681 1006 furens,
695 945 732 988 ac
746 945 780 986 se
794 921 894 986 modo
907 923 977 986 laeta
993 921 1109 1009 Cytaeis

289 1043 502 1136 Agminibus,
520 1039 620 1104 modo
635 1037 778 1127 cognatis
795 1051 936 1100 ostentat
946 1034 1085 1099 Achivis.

289 1166 398 1248 Atque
416 1159 476 1221 hos
492 1156 526 1220 in
543 1152 651 1220 medio
668 1151 742 1216 drrri
759 1149 944 1215 discrimine
959 1150 1063 1231 betti,-

289 1274 453 1341 Laudibus
469 1272 569 1359 inque
586 1269 663 1357 ipsis
681 1265 824 1357 gaudent
842 1266 901 1330 ubi
916 1264 998 1330 vidit
1011 1268 1126 1330 Iason:

290 1390 435 1470 «Macte,
449 1387 509 1468 ait,
524 1408 545 1449 o
561 1398 711 1448 nostrum
726 1402 845 1469 genus,
862 1395 895 1443 et
908 1381 973 1460 jam
991 1395 1076 1444 certa
1089 1399 1233 1466 propago

290 1503 421 1583 AEoliae,
438 1521 499 1564 nec
515 1497 634 1586 opina,
650 1494 786 1576 domus;
802 1510 850 1557 sat
867 1513 981 1582 magna
999 1493 1146 1556 laborum

289 1620 383 1682 Dona
400 1615 489 1694 feru,
503 1612 579 1678 eatis
595 1611 658 1674 hoc
671 1609 742 1672 visu
759 1629 974 1694 quaecumque
990 1603 1134 1693 rependo
1143 1633 1166 1667 r.

333 1732 439 1828 Dinit,
459 1745 492 1794 et
505 1729 540 1792 in
557 1727 678 1792 Sueten
694 1724 870 1812 magnique
886 1725 920 1786 in
937 1723 1000 1785 fata
1018 1719 1165 1785 Ceramni
1278 1737 1315 1774 aa.

289 1849 449 1929 Emicuit,
466 1844 683 1932 clypeumque
699 1856 828 1921 rotans,
843 1839 932 1902 hunc
948 1839 1071 1926 poplite
1088 1859 1169 1900 caeso

290 1964 428 2046 Dejicit,
444 1960 537 2024 illum
554 1955 658 2044 aperit
672 1955 737 2019 lato
750 1977 808 2044 per
825 1970 937 2041 pectus
952 1952 1045 2017 hiatu

278 2167 331 2227 539.
342 2157 516 2209 Dextrathic.
525 2165 549 2201 ct
563 2157 643 2201 Burm.
653 2154 722 2202 codd.
732 2157 795 2222 Jnnt.
809 2153 862 2200 tlt.
877 2178 908 2188 -
924 2152 978 2206 tar.
994 2154 1025 2198 Et
1043 2149 1121 2212 lapsis.
1130 2150 1206 2198 Vatic.
1224 2154 1314 2198 Bonon.

248 2256 271 2293 et
281 2245 346 2290 Carr.
356 2239 426 2288 codd.
437 2237 583 2284 Bonon.1et
594 2236 626 2280 tt.
636 2237 701 2281 Hanc
712 2234 806 2284 lection.
815 2235 863 2292 jam
878 2229 1036 2298 vindicaverat
1053 2229 1120 2284 Pina,
1137 2231 1241 2291 probent
1249 2233 1315 2278 Voss.

169 2313 173 2324 ⁵
248 2333 273 2370 et
282 2321 362 2370 litim.
373 2327 397 2364 et
407 2315 514 2376 repatuit
523 2314 553 2361 cl.
561 2315 648 2362 littler.
660 2315 703 2360 En.

287 2489 348 2551 540.
362 2483 432 2537 Turn
443 2497 508 2533 vero
516 2481 611 2530 intenta
620 2480 722 2545 planta,
734 2475 762 2528 in
808 2477 888 2542 etjam
899 2488 977 2534 certa,
991 2495 1037 2526 nee
1049 2478 1137 2544 opina,
1148 2493 1205 2527 non
1215 2481 1316 2525 tanturn

253 2569 349 2640 digitos
366 2560 464 2636 pedum
481 2557 630 2632 paullulum
642 2565 762 2614 erectus,
807 2552 918 2617 credita,
932 2554 977 2607 eed
988 2557 1044 2628 jam
1064 2554 1215 2627 explorata,
1228 2556 1317 2603 AEntioe

249 2652 361 2718 aeffirrtum
369 2646 472 2702 ntiteile,
483 2641 563 2692 hatte
572 2639 701 2708 mtJ'urem
708 2633 764 2686 uim
796 2637 892 2685 'domita
901 2654 1030 2704 propago,
1046 2635 1164 2706 gratulor
1174 2645 1200 2686 et
1208 2631 1283 2684 vohis
1292 2643 1318 2683 et

251 2730 387 2797 roburque
407 2725 491 2794 majus
509 2717 629 2780 addidit,
648 2729 677 2764 et
687 2715 762 2780 lapsis
806 2712 891 2778 mihi,
904 2727 958 2767 tarn
968 2717 1048 2768 fortes
1062 2712 1171 2766 habenti
1186 2722 1317 2782 cognatos.

252 2792 760 2876 villis,quibusteinvolveratpellibue,
844 2792 902 2856 548.
921 2801 965 2846 Set
985 2813 1080 2864 magna
1104 2793 1315 2850 intonandam,

249 2896 486 2957 pantencntmagna
497 2916 505 2944 ,
518 2879 582 2937 lata,
593 2878 710 2927 numm.
807 2875 916 2946 praemia
927 2876 1016 2943 ,fem
1035 2876 1093 2926 satis
1112 2877 1157 2924 noe
1173 2875 1229 2923 visu
1249 2889 1317 2938 qne·

289 2965 348 3030 542.
357 2961 413 3014 Nec
429 2960 517 3012 minus
536 2955 639 3008 fortiter
649 2971 692 3005 res
705 2971 765 3006 suat
808 2973 910 3020 cumque
919 2958 1040 3020 rependo,
1050 2972 1109 3025 qun.
1123 2949 1221 3022 pertuli
1231 2949 1317 3014 mala,

254 3048 308 3119 agit
321 3045 413 3107 Phryxi
430 3042 513 3092 AEetr'a
527 3039 622 3104 proles,
637 3051 721 3104 nepos
735 3051 766 3084 ex
810 3031 886 3084 facile
896 3031 947 3082 hoc
958 3031 1003 3084 tali
1016 3030 1112 3101 gaudio
1121 3039 1274 3099 pensantur.

253 3127 308 3180 lilia
320 3120 462 3190 Chalciope
471 3155 479 3182 ,
488 3118 590 3186 Argue,
603 3111 658 3166 vid.
668 3132 765 3188 supra,
846 3109 907 3162 550.
926 3109 974 3160 His
992 3107 1068 3161 dictis
1087 3111 1176 3158 emicat
1193 3111 1275 3172 Argus
1293 3109 1319 3158 in

254 3207 292 3269 V,
307 3203 355 3266 461
367 3216 375 3262 ;
390 3219 421 3249 ac
440 3217 468 3247 se
485 3199 557 3246 inodo
570 3198 652 3254 leun,
667 3192 766 3263 dequo
809 3193 893 3238 Sueten
903 3187 1043 3254 (Schrader
1052 3185 1079 3236 in
1094 3185 1245 3236 Observare.
1259 3202 1319 3254 pag.

254 3285 421 3342 letarentur,
436 3278 539 3342 Qstoeis,
555 3271 680 3337 Colchis,
694 3273 766 3321 inodo
810 3283 861 3334 79,
880 3265 981 3316 mavult
998 3269 1115 3325 Seutlren,
1131 3259 1202 3335 quod
1222 3279 1319 3315 nomen

257 3362 368 3417 Achivis,
382 3354 553 3427 Argonautis,
566 3364 679 3403 ostentat.
810 3342 969 3416 quibusdam
981 3343 1100 3396 Thraciae
1117 3341 1224 3414 regibus
1241 3341 1321 3394 suisne

294 3441 354 3503 545.
368 3443 450 3504 Atque
466 3439 510 3486 lios
521 3437 588 3504 (eur
606 3430 672 3492 hoc,
683 3445 767 3499 quum
811 3435 920 3475 constat.
934 3423 998 3476 Vid.
1011 3427 1080 3489 Cary,
1092 3425 1152 3474 Hist.
1164 3425 1207 3472 des
1221 3425 1277 3473 Bois
1290 3427 1321 3474 de

256 3522 290 3575 de
302 3538 357 3573 unc
368 3517 402 3571 ait
412 3512 516 3568 sermo?
527 3507 578 3566 Sed
591 3507 731 3578 respicitur
741 3516 767 3557 et
815 3505 921 3564 Thrace,
932 3507 1015 3564 Paris,
1030 3503 1095 3572 1752
1106 3541 1114 3565 ‚
1127 3499 1177 3562 IV,
1191 3519 1217 3571 p.
1232 3501 1263 3564 8,
1278 3521 1321 3564 ιο,

257 3600 291 3655 nd
305 3600 417 3652 alterum
430 3591 530 3666 Phryxi
543 3587 644 3649 filiurn,
657 3585 765 3648 Melan,
813 3597 856 3650 η,
871 3585 937 3652 47),
952 3585 1085 3650 magnique
1094 3586 1118 3633 in
1121 3583 1196 3649 fata,
1207 3578 1240 3631 ad
1255 3600 1322 3632 rnor-

257 3681 364 3754 quijam
373 3688 449 3729 antea
457 3691 510 3724 non
520 3669 576 3722 sine
585 3661 768 3734 laudepugrra·
812 3671 864 3712 tem
876 3659 1041 3732 inferendam
1052 3699 1060 3724 ‚
1071 3664 1184 3714 Ceramni
1188 3681 1198 3720 ‚·
1208 3664 1273 3712 irinc
1277 3681 1323 3728 po-

257 3747 769 3822 vermvid.aupra,196),ntrumque
807 3744 868 3808 plue
885 3761 963 3803 ensa,
983 3742 1100 3802 succiso,
1117 3741 1211 3810 dejicit,
1231 3740 1322 3792 sternit

258 3840 353 3913 igitur,
363 3837 478 3905 gaudens
492 3831 560 3878 uidet
570 3831 647 3874 loson
658 3824 769 3874 laudibus
812 3819 845 3873 ad
857 3832 963 3873 terram.
976 3821 1030 3873 Nec
1041 3819 1082 3872 his
1092 3829 1230 3873 contentus
1239 3826 1321 3887 Argus

258 3925 284 3972 in
303 3920 376 3985 ipsit,
393 3911 493 3979 inipso
511 3917 769 3972 acturerum5quas
812 3915 950 3968 utrumque,
965 3915 989 3951 et
1004 3906 1126 3950 Zaccnun
1139 3913 1164 3949 et
1173 3899 1278 3948 Phalcen
1291 3899 1323 3948 ab
1345 3935 1356 3950 .

257 3987 509 4070 agerentprteclare.
762 3987 766 3996 ‘
812 3983 880 4048 eqru's
889 3980 984 4047 ingenti
993 3998 1051 4030 arvo
1057 3979 1163 4046 porrigit
1171 3971 1322 4046 (τανυσθεὶς,

295 4078 355 4142 542.
363 4075 459 4124 Macte,
471 4067 521 4125 ait,
534 4076 664 4114 oncstnun
673 4081 753 4130 genus
758 4100 765 4122 ,
812 4059 920 4112 Homer.
932 4059 964 4111 ll.
975 4057 1054 4124 XVI,
1069 4057 1136 4122 4853
1152 4053 1260 4116 ἐκτάδην
1272 4061 1322 4112 ηιξ.
