3002 4680
219 339 262 402 60
514 341 551 404 C.
571 340 770 406 VALERII
800 344 973 409 FLACCI

261 471 336 534 Heu
346 439 465 558 quibus
476 472 587 562 ignota
598 495 667 539 sese
679 497 739 564 pro
753 493 849 564 gente
859 431 986 566 periclis

262 585 381 666 Objicit
391 587 397 650 !
409 617 421 642 »
432 587 507 650 Haec
518 587 640 652 fantem
651 588 759 656 medio
770 591 805 654 in
818 614 967 655 sermone
978 591 1109 678 reliquit

262 699 387 788 Incepti
399 699 465 779 jam
478 702 564 765 Juno
578 716 711 790 potens,
723 725 899 792 securaque
912 705 1044 770 fraudis.
1243 722 1283 762 tt·

304 815 457 879 Imminet
468 837 486 880 e
497 816 588 880 celsis
600 817 772 881 audentius
783 818 932 906 improba
944 804 1045 883 muris

261 930 379 1020 Virgo,
392 953 452 994 nec
464 930 600 995 ablatam
612 933 759 1019 seqnitur
771 933 924 1019 quaeritve
937 955 1095 998 sororem.

259 1045 304 1108 At
317 1045 444 1131 quoties
455 1045 503 1109 ris
517 1044 586 1108 dira
597 1043 720 1108 dueum
730 1093 738 1122 ,
749 1044 908 1134 densique
918 1063 1052 1136 repente

220 1159 224 1170 ’
260 1157 440 1225 AEsoniden
456 1183 600 1250 pressere
613 1161 690 1244 vird,
702 1183 871 1249 quumque
883 1165 989 1227 omnis
1000 1165 1034 1227 in
1046 1185 1150 1228 unum

261 1273 370 1338 Imber
383 1275 439 1357 iit,
456 1276 551 1340 toties
563 1276 644 1341 saxis
657 1277 803 1365 pulsatur
816 1293 848 1341 et
857 1278 967 1344 hastis.
1244 1295 1283 1335 ⁶⁸⁵

260 1388 432 1478 Primaque
443 1389 483 1456 ad
494 1390 602 1460 infesti
612 1391 786 1456 Lexanoris
796 1391 925 1456 horruit
936 1415 1047 1472 arcus,

261 1505 332 1569 Alta
345 1504 402 1571 sed
414 1505 587 1570 AEsonium
600 1529 697 1596 supra
710 1521 807 1595 caput
823 1506 888 1572 exit
900 1505 1026 1570 arundo
1037 1531 1045 1589 ;

261 1621 389 1708 Teque,
406 1621 520 1701 Caice,
537 1621 634 1710 petit:
654 1621 773 1700 conjux
790 1619 970 1686 miseranda
984 1621 1080 1684 Caico

260 1735 451 1824 Linquitur,
469 1753 502 1801 et
517 1736 622 1825 primo
639 1733 757 1801 domus
772 1735 960 1823 imperfecta
976 1735 1085 1800 cubili.
1105 1775 1107 1780 .

304 1853 424 1942 Regius
442 1851 519 1916 Eois
535 1851 682 1938 Myraces
698 1851 856 1938 interpres
869 1850 910 1914 ab
925 1850 990 1914 oris
1231 1846 1285 1922 ’σῳ

249 2065 303 2112 68ι.
322 2066 355 2110 Et
366 2064 440 2111 celsis.
456 2059 546 2111 Bonon.
562 2063 614 2110 cotl.
631 2065 720 2112 Bonon.
736 2067 747 2112 I
764 2076 788 2114 et
802 2068 833 2113 ll.
847 2066 959 2113 taeeetsts.
972 2066 1059 2114 Sabell.
1077 2067 1110 2114 At
1125 2065 1197 2112 celsis.
1217 2068 1282 2114 Inrrt.

219 2145 304 2192 Maser.
316 2144 416 2205 Eugent.
436 2147 465 2190 Ut
473 2144 547 2190 celsis.
563 2144 616 2190 ttd.
629 2145 788 2192 Aradientibus.
800 2145 875 2192 Vatic.
893 2145 945 2192 cod.
967 2144 1113 2191 dedentibus.
1130 2147 1220 2190 Bonon.
1232 2145 1285 2191 eod.

219 2226 333 2270 Horror-l
349 2233 371 2270 et
383 2224 413 2270 II.
424 2224 557 2271 Audentior.
575 2224 629 2270 tld.
645 2251 676 2260 -
694 2225 749 2273 683.
768 2225 806 2272 At
822 2226 916 2288 quoties.
933 2222 992 2270 Edd.
1011 2233 1066 2270 ante
1080 2225 1145 2270 Carr.
1165 2226 1206 2272 Vis
1220 2225 1285 2272 dure.

218 2304 294 2352 Vettio.
303 2313 327 2351 et
335 2306 425 2351 Βοιιοη.
437 2305 507 2351 codd.
522 2305 724 2353 -685.1tertte.
736 2307 826 2353 Bonon.
840 2306 858 2352 I.
869 2307 933 2350 tunt.
946 2287 999 2349 ttd.
1012 2305 1055 2349 En.

217 2513 353 2568 gentenon
364 2509 417 2550 tam
427 2497 549 2571 exponit,
564 2517 645 2571 quarn
655 2517 732 2570 spon·
811 2497 873 2551 686.
899 2499 979 2548 Prima
991 2493 1151 2566 (adverbial.
1170 2513 1221 2566 pro
1236 2495 1287 2560 pri-

219 2580 467 2648 teobjieirpen'eulis!
501 2609 512 2614 -
775 2597 857 2641 muru,
871 2577 910 2630 uti
932 2578 961 2642 I,
980 2594 1005 2639 r,
1027 2586 1053 2628 et
1066 2575 1187 2647 sequenti
1206 2590 1287 2626 versu

255 2661 317 2729 679.
331 2659 395 2710 Haen
405 2660 442 2712 ita
451 2659 603 2730 loquentem
615 2659 694 2709 medio
706 2659 730 2708 in
775 2661 828 2710 alta
837 2676 885 2729 pro
896 2657 991 2724 altius)
1001 2659 1094 2708 tamne
1103 2659 1140 2706 ad
1148 2656 1287 2706 leuanoris

219 2757 331 2792 sermone
346 2739 460 2806 relinquit
481 2745 545 2789 thuo
564 2740 619 2806 jam
642 2737 732 2805 incepti
775 2737 914 2809 sagittam,
933 2755 993 2809 quae
1011 2747 1100 2788 tamen
1119 2753 1174 2787 non
1198 2731 1286 2793 feriit,

215 2833 304 2888 potens
313 2819 462 2886 fraudisque
474 2837 576 2878 secura,
592 2813 646 2868 voti
660 2834 731 2868 oom-
775 2816 820 2870 sed
831 2817 906 2870 altius
916 2815 1019 2870 Iasonis
1030 2828 1110 2888 capnt
1122 2811 1287 2868 transvolans

219 2917 283 2970 pos,
294 2909 320 2950 et
338 2895 371 2950 de
389 2895 473 2950 dolosi
488 2896 592 2950 consilii
610 2913 732 2949 successu
776 2901 872 2950 Caicum
883 2895 1024 2968 percussit,
1032 2895 1079 2966 qui
1088 2895 1193 2966 nuptias
1204 2909 1288 2962 nuper

220 2988 292 3032 certa
302 2997 310 3041 ;
320 2977 390 3031 conf.
400 2982 624 3046 promissr'potens,
635 2974 730 3045 Virgil.
775 2978 967 3040 celebraverat,
983 2974 1055 3046 quod
1065 2974 1100 3027 ad
1110 2971 1287 3028 miserationis

219 3061 280 3113 AEn.
293 3061 362 3123 VH,
377 3053 728 3131 5413jussipotenr,0vid.
774 3057 898 3110 aflectum
922 3053 1121 3108 accommodate
1148 3053 1185 3104 ita
1208 3051 1288 3103 effert

219 3139 328 3194 Metam.
342 3142 393 3205 IV,
406 3141 465 3210 509.
774 3147 868 3207 poeta:
884 3138 978 3204 conjux
998 3135 1141 3183 miseranda
1154 3133 1226 3182 &ico
1238 3133 1286 3180 tin-

256 3220 318 3273 681.
327 3225 441 3273 Imminet
446 3237 531 3290 prono
545 3235 656 3288 corpore
669 3235 732 3269 con·
775 3217 865 3282 quitur,
876 3229 899 3264 et
905 3217 985 3282 primo
996 3215 1083 3262 domus
1095 3209 1235 3279 imperfecta
1249 3228 1289 3258 cu·

221 3301 311 3374 spicue
325 3303 422 3354 ecelsis
435 3301 508 3350 muris
527 3299 668 3360 audentius,
679 3298 730 3349 im-
775 3295 825 3344 titt.
845 3291 892 3344 Est
910 3309 943 3344 ex
962 3289 1095 3352 Homero,
1114 3289 1145 3342 Il.
1162 3289 1206 3349 II,
1223 3305 1286 3359 701:

221 3379 380 3452 pudentius,
398 3381 522 3447 improbo,
536 3375 650 3438 ardens,
665 3375 731 3428 nihil
775 3371 852 3444 δόμος
863 3371 980 3444 ἡμιτελής
991 3366 1160 3437 (Protesilai);
1170 3371 1287 3442 ἡμιτιλὴς

222 3459 294 3514 aliud
314 3461 431 3532 cogitans
451 3461 536 3524 virgo,
558 3474 605 3507 nec
624 3457 732 3505 ablatam
775 3447 1287 3524 coepe,‚Anthot.Graeca‚ra00ss,vot.

220 3543 328 3610 sequitu
337 3540 364 3592 in
375 3540 468 3592 urbem
480 3555 586 3588 sororem
592 3574 600 3596 ‚
610 3554 655 3585 nec
665 3553 732 3602 quee-
777 3531 804 3582 II
814 3569 821 3592 ,
831 3550 859 3602 p.
874 3549 932 3601 ¹7²·
944 3536 1044 3581 Frustra
1055 3532 1177 3597 inceptam
1192 3533 1288 3579 domum

221 3625 266 3682 rit,
283 3637 316 3673 ne
327 3618 459 3672 desiderat
471 3614 586 3688 quidem.
777 3610 893 3682 appellat
902 3608 1040 3675 Catullus,
1055 3609 1144 3680 Epigr.
1156 3608 1287 3671 LXVIII,

256 3701 318 3753 683.
341 3705 377 3750 At
395 3699 489 3766 quoties
509 3693 572 3746 viris
601 3691 734 3764 armisque
779 3689 1160 3761 75,ubiridecl.1>oering;
1181 3689 1289 3739 Sterilem

220 3781 306 3852 premi
318 3779 442 3829 Iasonem
458 3772 529 3826 videt
539 3790 633 3834 sunm,
645 3791 732 3838 quum·
778 3775 886 3832 domum,
898 3771 1018 3843 Propert.
1029 3771 1081 3835 IV,
1094 3787 1135 3832 tr,
1149 3773 1193 3822 62.
1208 3768 1287 3822 Cous.

137 3900 140 3913 .
222 3878 269 3924 que
292 3859 369 3908 ornnis
383 3859 408 3906 in
425 3873 499 3906 nutam
513 3855 588 3904 imber
603 3855 643 3912 iit,
661 3871 734 3906 saxo·
778 3855 879 3920 Ruperti
886 3849 1012 3903 adTncit.
1022 3848 1133 3912 Ann.I,
1149 3849 1218 3912 3,a.

222 3953 282 3987 rnm
293 3947 319 3986 et
327 3933 462 3985 ltnstarum
472 3971 480 3996 ,
492 3936 563 3984 toties
572 3935 642 3983 saxis
649 3937 734 4001 pulsa·
813 3933 874 3998 690.
887 3935 1016 3994 Myraces,
1030 3929 1131 4000 legatus
1145 3928 1214 3999 regis
1224 3927 1288 3979 Par·

223 4028 263 4062 rur
283 4025 306 4064 et
323 4015 416 4074 Iustis,
444 4011 499 4084 ipsa
529 4013 577 4079 sibi
601 4002 734 4066 vulnerari
777 4007 903 4072 thorum,
925 4011 982 4059 Eois
1002 4010 1033 4058 ab
1049 4009 1113 4072 oris,
1129 4025 1160 4058 ex
1182 4007 1289 4060 Oriente

226 4089 340 4143 videtur.
617 4117 619 4120 ·
778 4084 1288 4155 venerat,utdonisoblatissoedercnon
