3022 4678
434 405 558 471 NOVl
590 405 834 468 EDlTORlS
866 405 1024 470 NOTAE.
1154 417 1161 428 '
1199 406 1257 470 165

234 545 269 599 V.
280 549 340 608 614.
360 547 447 605 Cessit,
461 549 533 598 etad
546 551 623 598 socios
638 549 750 614 paullum
770 566 796 597 se
813 549 904 598 rettulit
916 549 993 598 iteres.
1003 577 1038 586 -
1048 545 1117 599 Hinc
1133 559 1212 619 atque
1228 566 1258 600 ex

200 621 277 682 versu
297 630 349 699 593
366 631 487 700 arguitur
499 631 662 702 Argonautas
682 641 708 683 et
725 631 797 702 ipsos
815 631 842 682 in
861 647 956 701 cumpo
973 629 1065 682 Martis
1084 628 1181 693 luisset
1199 629 1261 684 vide

200 731 280 784 supra
293 723 349 766 not.
363 711 423 766 558.

234 864 268 918 V.
278 867 340 934 619·
352 869 422 918 Prior
435 887 490 919 eure
498 870 599 936 sequaci
607 872 703 936 AEquut
711 870 784 918 humo
798 881 901 918 tuturos.
909 897 944 906 -
953 871 1041 918 Eusem
1050 886 1178 936 sequacem
1189 885 1264 922 tecue

200 967 232 1004 ac
239 950 395 1022 Wagnerus
404 949 538 1024 intelligo:
551 951 617 1005 mibi
628 950 732 1005 videtur
742 951 798 1004 hee
807 970 860 1004 vor
868 950 963 1024 egendi
972 951 1130 1024 celeritatem
1140 969 1171 1006 ac
1184 949 1264 1022 impe·

199 1046 257 1087 tum
278 1034 383 1088 insonis
403 1036 530 1108 pingere,
549 1037 610 1108 qui,
634 1037 678 1090 vix
705 1054 759 1090 uno
785 1035 861 1089 hoste
885 1035 1022 1101 confecto,
1044 1035 1154 1090 altefum
1175 1036 1263 1092 atatim

200 1129 320 1190 occupat

235 1287 271 1340 V.
283 1288 335 1340 620
338 1324 623 1340 .................
638 1292 736 1341 rutilium
746 1291 967 1356 tiemarequeuti

350 1378 403 1424 Aru
408 1377 503 1441 primes
514 1392 531 1423 a
541 1388 619 1424 matre
630 1393 717 1424 mausus
724 1375 813 1440 premit
822 1375 904 1424 obvius
913 1385 978 1424 aute.

201 1542 213 1560 ι
223 1519 317 1567 Primus
331 1536 349 1567 a
359 1531 450 1576 usaue,
460 1529 530 1570 terra
539 1553 547 1580 ,
557 1529 690 1588 porrectus
701 1535 788 1568 meuua
794 1519 895 1583 premit,
904 1527 1028 1586 amputat.
1038 1516 1140 1569 Locum
1152 1517 1266 1569 salebro-

201 1616 259 1652 sum
276 1599 336 1652 lucit
354 1604 476 1668 sequenti,
494 1601 566 1673 quod
583 1619 667 1672 quum
686 1601 722 1653 ob
738 1599 856 1670 proxime
868 1597 1020 1671 precedens
1032 1603 1143 1666 sequaci,
1159 1610 1215 1653 tum
1231 1601 1267 1652 ob

201 1681 399 1735 collocutionem
409 1700 463 1736 non
476 1684 569 1754 placet.
586 1682 666 1749 Quod
683 1683 705 1736 ai
717 1695 806 1736 tumen
823 1684 918 1755 jungas
931 1683 1011 1736 verbo
1020 1687 1123 1751 premit,
1137 1697 1193 1736 tum
1203 1685 1266 1736 ferri

201 1766 299 1838 poerit,
319 1765 371 1820 hoc
392 1787 486 1822 sensu:
506 1767 582 1822 Colle
604 1779 737 1839 amputat,
757 1767 914 1840 priusquam
936 1767 1040 1821 humeri
1061 1780 1265 1832 succrescerent,

202 1855 311 1918 sequenti
319 1853 330 1925 (
339 1851 527 1924 coquentibus)
540 1853 587 1925 qui
594 1866 653 1922 post
662 1855 705 1904 iuss
716 1852 757 1906 ael
766 1851 903 1907 thoracem
914 1852 955 1906 vel
963 1852 1061 1924 primes
1074 1871 1169 1906 munus
1180 1858 1189 1919 (
1200 1852 1267 1924 digi-

202 1937 260 2000 tos)
273 1930 461 2005 protruderent
471 1975 480 2002 ,
490 1935 540 1990 hoe
550 1948 679 2008 occupet,
690 1955 740 1990 uec
751 1936 851 2007 patitur
860 1937 926 1990 ultre
938 1936 1083 2006 provenire.
1094 1935 1179 1990 Poetis
1189 1936 1266 1990 etiam

204 2017 289 2088 legere
304 2021 412 2088 fiunti,
426 2018 445 2072 i.
464 2038 486 2073 e.
503 2021 658 2092 proferenti.
675 2019 726 2074 sel
740 2021 776 2073 nil
793 2039 862 2092 opus
872 2047 894 2074 a.
906 2021 949 2075 sie
958 2021 1120 2092 Wagnerus.
1132 2051 1166 2061 -
1179 2023 1268 2072 Primae

204 2121 222 2152 a
234 2116 312 2153 matre
321 2122 407 2154 marius
417 2116 477 2158 sunt
488 2125 574 2155 maurus
588 2123 602 2154 e
619 2119 686 2156 terra
700 2103 814 2175 primum
828 2116 997 2175 emergentes.

241 2271 272 2322 V.
284 2272 336 2326 6²3
339 2308 430 2324 ......
449 2276 486 2322 ud
497 2275 559 2324 dirce
570 2291 646 2340 quam
659 2293 733 2340 quum
749 2274 885 2337 Tityutlitu
898 2277 990 2338 Hydroe

357 2358 466 2425 Agmina
484 2359 609 2408 Palladios
629 2359 735 2425 defessus
754 2359 850 2424 respicit
866 2358 941 2426 r'gues.

206 2484 349 2539 Cavillator
361 2484 468 2556 quidem
482 2483 614 2548 medicus,
631 2483 683 2537 hoc
695 2483 811 2539 facinore
825 2483 927 2548 fretus,
947 2485 1124 2537 cauteriorum
1137 2485 1268 2538 inventio·

206 2585 267 2620 nem
279 2567 387 2621 Herculi
400 2567 537 2620 tribuebat.
547 2599 582 2610 —
591 2570 702 2620 Palladii
711 2567 839 2622 dicuutur
847 2571 928 2637 ignes,
942 2568 1015 2642 qnod
1024 2572 1104 2638 ignem
1114 2569 1271 2622 adhibuerat

206 2648 350 2716 Herculea,
361 2646 489 2702 suadente
500 2646 627 2714 Minerva,
640 2666 686 2700 seu
697 2651 808 2699 Pallade.
824 2652 858 2702 Τὸ
870 2650 970 2718 agmim
985 2651 1075 2714 Hydrce
1090 2648 1268 2721 centicipitem

206 2731 320 2786 belluam
331 2732 434 2804 egregie
442 2733 535 2806 pingit.

242 2901 275 2954 V.
284 2902 345 2957 635.
356 2905 439 2970 Qualis
451 2906 493 2954 ubi
500 2905 616 2954 attonitos
627 2915 717 2952 maestoe
727 2902 836 2968 Phrygas
847 2919 932 2951 uuum
942 2905 1030 2952 Matris

354 2995 412 3049 lm,
423 2990 465 3039 uel
473 3000 581 3038 exsectos
589 2989 683 3036 lacerat
693 2986 796 3036 Bellona
805 2998 920 3034 comatos.

209 3112 284 3164 ctus.
294 3111 375 3166 oud.
388 3110 457 3164 rut.
466 3111 517 3176 ιν,
529 3111 597 3173 24³:

365 3263 680 3278 .....................
695 3229 823 3289 mollesque
834 3227 934 3274 ministri

390 3307 489 3354 Cedunt
495 3305 588 3368 iactatis
599 3304 653 3352 vitu
663 3305 768 3352 membra
779 3302 860 3350 comit,

211 3439 343 3490 Attonitos.
358 3434 455 3488 Confer
467 3431 606 3494 eumdem,
618 3421 690 3504 upud'
703 3429 822 3495 Ibin‚V,
834 3429 903 3492 453:

359 3573 520 3632 Attonitusque
531 3583 601 3622 seces,
614 3577 640 3614 ut
649 3581 709 3628 quos
717 3564 827 3626 Cybeleia
837 3572 911 3610 muter

390 3645 485 3698 Incitat,
497 3645 527 3691 ad
539 3641 651 3704 Phrygios
665 3641 719 3686 tilla
730 3639 833 3686 membru
846 3637 936 3684 modos.

182 3789 183 3792 Ἴ
246 3811 280 3860 V.
290 3808 342 3873 645
344 3844 539 3860 ............
556 3807 636 3874 qualis
648 3805 733 3853 Getico
743 3805 774 3852 de
778 3803 878 3870 pulvere
887 3803 986 3864 Mauors

353 3899 435 3943 Intrat
450 3895 531 3958 equit,
541 3893 636 3958 uritque
642 3904 741 3956 grauem
751 3887 878 3935 ruderibus
889 3887 1002 3934 Hebrum.

212 4030 272 4084 Noli
280 4034 391 4104 jungere
399 4047 498 4098 grauem
511 4045 572 4080 cum
585 4025 733 4079 sudoribus.-
746 4021 782 4074 eie
798 4019 885 4090 petitu
899 4016 1011 4072 ordine:
1024 4021 1072 4068 urit
1086 4019 1211 4068 ruderibus
1229 4021 1278 4066 lle·

212 4121 281 4168 irum
297 4111 535 4185 gravem.Vulerius
549 4115 655 4163 llelrum
671 4123 770 4175 gravem
790 4102 870 4168 dixit,
888 4111 1010 4172 spectem
1022 4099 1057 4153 ad
1071 4097 1205 4169 ingenium
1224 4100 1280 4168 ejus
