2958 4704
497 359 919 427 inconnuranun.
1176 361 1239 447 399

176 487 265 577 quod
280 485 370 550 unde
386 483 518 564 habeat,
538 484 652 547 vellem
664 479 850 548 docuisset:
874 482 900 544 si
925 483 1011 546 enim
1036 483 1162 570 Seriphi
1184 506 1240 546 rex

177 593 303 674 luisset,
324 590 483 680 potuisset
498 587 694 675 Polydecten
711 603 768 650 aut
786 587 923 677 Dictyn,
946 609 1030 673 quos
1049 609 1087 650 ex
1103 589 1240 675 posteris

176 697 306 786 Nauplii
322 695 439 785 prioris
456 693 556 758 fuisse
571 693 729 773 vidimus,
752 690 946 780 cognatione
963 693 1147 781 contigisse.
1163 693 1240 758 lllo·

176 825 249 870 mm
266 818 374 866 autern
393 817 540 889 posteros
559 800 667 863 nescio
683 821 724 862 an
739 799 872 864 Veteres
886 800 1158 880 memoraverim,
1183 799 1240 886 qni

175 930 253 972 vero
270 907 492 996 supplementa
504 904 619 984 adjecit
630 903 788 985 Morerio,
800 920 888 968 recte
898 925 974 970 eum
988 904 1121 992 quidem
1134 925 1242 991 repre-

176 1011 307 1093 hendit,
329 1011 419 1098 quod
440 1011 562 1074 nullam
586 1009 717 1097 Nauplii
738 1008 859 1096 prioris
885 1010 1086 1074 mentionem
1111 999 1241 1090 lecerit,

177 1139 277 1205 quem
293 1133 399 1182 tamen
418 1117 486 1204 ipse
499 1139 631 1190 censor,
658 1139 698 1179 au
715 1114 832 1193 fuerit,
855 1115 1004 1202 ignorat,
1022 1137 1084 1180 nec
1105 1132 1242 1182 stemma

176 1223 306 1311 Nauplii
317 1238 465 1286 accurate
476 1237 626 1286 excutere
637 1237 794 1308 satagens,
803 1219 844 1284 ad
852 1217 1099 1307 Apollodorum,
1108 1220 1242 1284 obvium

176 1327 330 1392 omnibus
346 1329 380 1390 in
398 1328 459 1392 hac
471 1327 604 1392 materia
617 1341 784 1390 auctorem
799 1324 947 1406 remittit,
966 1347 1064 1413 quem
1078 1347 1138 1390 nos
1150 1327 1180 1392 N
1182 1349 1241 1390 au·

177 1433 262 1521 plius
273 1433 358 1498 duos
366 1431 569 1500 confundere
582 1429 796 1496 ostendimus.
808 1429 987 1494 Maximum
1000 1429 1065 1494 hoc
1080 1453 1118 1494 er
1131 1431 1241 1496 lurum

176 1535 493 1626 lexicographorum
510 1536 639 1624 scriptis
655 1551 704 1600 est
716 1531 982 1615 incommodum,
1000 1535 1091 1622 quod
1103 1535 1154 1600 vel
1170 1536 1243 1599 nul·

175 1641 224 1706 los
247 1658 396 1707 auctores
415 1639 614 1729 producant,
629 1641 680 1704 rel
694 1640 736 1705 ad
752 1639 942 1727 scriptorem
960 1640 1100 1727 aliquem
1122 1663 1182 1708 nos
1200 1641 1243 1706 ita

176 1748 360 1828 remittant,
378 1763 417 1810 ut
433 1745 610 1834 quaerendo
631 1744 815 1833 defatigati,
842 1742 974 1809 tandem
994 1745 1055 1810 illis
1072 1745 1168 1810 fidem
1185 1746 1243 1810 ha·

176 1852 254 1916 bere
278 1853 449 1933 malimus,
479 1870 576 1939 quam
602 1849 752 1916 inutilem
783 1871 915 1937 operam
947 1851 1121 1916 insumere.
1153 1851 1244 1938 Saepe

176 1959 272 2022 etiarn
291 1958 391 2022 citant
408 1971 577 2034 auctores,
600 1955 688 2044 apud
712 1979 795 2044 quos
818 1955 889 2037 illa,
912 1955 953 2020 de
975 1956 1097 2044 quibus
1119 1973 1242 2045 agunt,

176 2060 295 2127 debere
310 2079 435 2128 exstare
453 2061 609 2141 credunt,
627 2061 703 2125 licet
718 2083 802 2148 saepe
821 2061 873 2124 vel
889 2061 970 2125 nihil
988 2061 1033 2125 ibi
1049 2062 1243 2149 reperiatur,

176 2167 227 2232 vel
243 2168 340 2258 longe
356 2169 457 2234 aliter.
486 2249 488 2252 Ι

220 2363 405 2447 NELEUS,
426 2367 645 2456 Appocoonus
660 2363 759 2446 filius,
775 2364 885 2454 Pylius
905 2364 1054 2454 Hygino,
1074 2363 1138 2429 fab.
1156 2387 1194 2428 ιο
1211 2383 1243 2432 et

181 2473 239 2550 rd,
263 2471 320 2557 qui
344 2471 431 2536 solus
458 2493 532 2535 eum
559 2473 592 2534 in
613 2471 875 2560 Argonautarum
895 2492 1030 2534 censum
1056 2471 1176 2554 refert3
1201 2473 1242 2538 ab

175 2575 244 2639 aliis
261 2576 405 2664 Neptuni
420 2593 452 2640 et
468 2579 570 2662 Tyrus
590 2575 674 2639 lilius
691 2576 827 2656 dicitur,
850 2575 925 2639 ride
947 2575 1055 2640 Schol.
1073 2575 1166 2640 Pind.
1190 2578 1241 2642 01.

176 2679 240 2760 lx,
260 2679 320 2760 433
336 2679 445 2746 Schol.
461 2681 645 2768 Apollonii,
665 2683 697 2761 Ι,
723 2681 799 2761 156;
820 2679 926 2744 Schol.
946 2681 1099 2762 Homeri,
1125 2681 1241 2769 Odyss.

177 2785 242 2866 xl,
261 2783 342 2865 3803
362 2783 552 2874 Apollotlor.
570 2785 602 2848 in
618 2784 765 2872 catalogo
781 2786 1061 2874 Argonautarum,
1081 2803 1113 2850 et
1129 2786 1240 2853 Liban.

176 2889 321 2977 Diegem.
337 2889 398 2969 383
415 2888 475 2953 sed
490 2888 531 2954 de
549 2889 639 2954 Nelei
657 2906 753 2978 gente
767 2911 842 2951 mox
860 2890 894 2953 in
907 2890 1038 2952 Nestore
1054 2906 1087 2952 et
1100 2891 1241 2976 Pericly-

176 3015 283 3074 mene,
307 2995 398 3059 Nelei
416 2992 506 3075 filiis,
534 2993 696 3084 agendum
719 2994 789 3058 erit.
813 2995 941 3073 Ejectus
959 2995 1011 3058 hic
1027 3012 1095 3060 erat
1111 3019 1129 3059 a
1147 2997 1243 3061 fratre

176 3099 261 3164 Pelia
277 3121 316 3162 ex
331 3099 511 3182 llressalia,
524 3117 557 3164 et
572 3101 605 3164 in
623 3100 885 3188 Peloponnesum
903 3099 1014 3194 abiens
1033 3101 1149 3188 Pylum
1164 3125 1242 3168 con·

176 3205 318 3286 diderat,
340 3206 451 3295 ibique
467 3228 569 3296 reguo
586 3207 794 3286 confirmato,
814 3223 846 3270 et
863 3205 962 3270 ducta
979 3205 1149 3288 Chloride,
1164 3213 1243 3274 Am·

175 3311 306 3399 phionis
317 3327 351 3374 et
360 3310 482 3376 Niobes
493 3310 567 3392 lilia,
575 3310 850 3399 Periclymenum,
859 3311 997 3375 Nestora
1009 3327 1041 3374 et
1050 3312 1241 3378 Chromium

29 3433 35 3442 ·
176 3418 350 3482 sustulerat
362 3415 502 3505 (Hygin.
516 3416 580 3480 fab.
602 3416 676 3503 ro),
689 3439 831 3506 quorum
845 3415 911 3480 duo
929 3418 1124 3505 Argonautis
1141 3441 1174 3482 se
1191 3443 1241 3484 as·

176 3522 398 3587 sociaverunt:
417 3543 517 3609 quare
532 3523 586 3586 rix
602 3520 774 3588 verisimile
790 3520 892 3586 videri
910 3537 1032 3608 potest,
1055 3521 1146 3586 illum
1165 3547 1239 3588 cum

171 3625 248 3690 liliis
267 3649 302 3691 se
317 3627 457 3692 voluisse
472 3627 610 3692 adscribi
627 3627 661 3692 in
681 3627 765 3692 hauc
784 3627 947 3708 militiam,
971 3651 1074 3715 quum
1091 3626 1148 3692 diu
1166 3647 1241 3695 ante

176 3730 239 3796 hoc
263 3747 393 3819 tempus
414 3754 454 3799 cx
473 3730 636 3798 Thessalia
661 3733 859 3822 migraverit,
883 3750 916 3796 et
934 3732 1043 3796 senior
1063 3734 1129 3814 jam
1147 3753 1239 3802 esset.

173 3837 272 3918 Pero,
290 3838 360 3916 ejus
376 3835 456 3919 filia,
477 3853 579 3904 mater
592 3839 655 3902 fuit
665 3840 743 3902 Arei
755 3841 968 3928 Argonautae;
985 3837 1041 3902 ubi
1056 3837 1140 3904 ride.

174 3999 313 4073 spicilegio
326 4001 512 4074 antiquitatum
524 4043 531 4068 ,
544 4003 637 4056 Colou.
652 4001 803 4057 Brandenb.
821 4007 901 4070 1692,
924 4023 951 4073 p.
968 4005 1001 4055 26
1015 4021 1069 4076 seq.
1084 4004 1111 4056 in
1125 4004 1240 4058 medium

174 4088 294 4160 protulit.
314 4089 401 4144 llum
972 4112 974 4118 ·
