3022 4678
251 368 310 432 118
541 369 577 430 C.
602 369 802 433 VALEtttl
834 369 1014 434 FLAGCI

290 501 378 562 Dura
391 501 480 579 viro,
498 501 615 563 samam
632 501 788 564 scelerum
804 500 935 588 jamque
950 501 1019 586 ipsa
1032 521 1168 564 suorum
1272 519 1312 558 ³10

290 613 461 701 prospicit,
481 629 513 677 et
536 629 652 700 questu
675 597 820 701 superos,
842 629 1025 701 questuque
1047 613 1173 705 fatigat,

289 730 428 808 Tartara,
449 728 555 815 pulsat
565 729 720 808 humum,
732 729 948 815 manibusque
956 728 1185 792 immurmurat
1200 729 1310 810 uncis,

288 841 398 904 Noctis
414 841 525 904 heram
539 842 713 930 Ditemque
726 843 833 906 ciens:
855 865 1043 908 succurrere
1055 842 1186 907 tandem

288 953 393 1016 Morte
411 955 526 1030 velint,
546 955 717 1042 ipsumque
735 957 830 1020 simul
849 955 1017 1022 demittere
1037 958 1119 1038 leto,

289 1071 395 1151 Quem
412 1087 547 1157 propter
561 1070 641 1134 furit
654 1096 662 1153 3
677 1071 843 1134 absentem
858 1071 1029 1134 saevissima
1043 1072 1147 1158 poscit
1270 1088 1308 1127 ³1⁵

286 1183 383 1247 Nunc
402 1184 530 1265 Pelian,
554 1201 642 1248 tanta
655 1186 808 1266 juvenem
827 1187 883 1273 qui
901 1184 1052 1273 perderet
1067 1187 1130 1249 ira:

288 1301 377 1388 Saepe
395 1323 467 1364 suas
484 1301 603 1364 misero
621 1303 809 1388 promittere
827 1301 965 1380 destinat
988 1318 1088 1382 artes,

276 1407 452 1502 Denegat,
471 1430 568 1501 atque
584 1437 649 1478 una
665 1415 773 1504 potius
791 1414 936 1480 decernit
951 1417 984 1478 in
1002 1417 1066 1496 ira,

287 1530 335 1590 Ac
359 1549 464 1612 neque
480 1543 545 1591 tam
563 1527 651 1614 turpi
670 1550 832 1593 cessuram
854 1550 980 1615 semper
1001 1528 1104 1592 amori

289 1640 482 1722 Proclamat,
500 1663 607 1728 neque
624 1665 719 1729 opem
738 1643 851 1731 ignoto
868 1643 1017 1730 viresque
1031 1640 1201 1726 daturam,
1269 1661 1307 1700 ³20

276 1858 328 1912 314.
346 1860 476 1904 Demittere.
493 1859 552 1904 lldd.
568 1868 621 1905 ante
639 1859 720 1905 lleins.
739 1867 762 1904 et
778 1859 882 1918 reposuit
897 1859 926 1904 cl.
937 1859 1027 1905 Harles.
1041 1883 1071 1893 -
1082 1857 1135 1905 316.
1148 1860 1202 1905 l’ost
1215 1873 1307 1904 vertum

245 1936 290 1982 316
303 1937 414 1996 leguntur
423 1952 501 1982 versus
511 1935 557 1982 320
571 1946 595 1982 et
606 1937 651 1998 319
663 1937 700 1983 hic
712 1937 846 1998 transpositi
859 1936 884 1981 in
899 1939 987 1982 Bonon.
1000 1936 1053 1983 cod.
1064 1947 1088 1982 et
1103 1935 1157 1984 edd.
1174 1947 1227 1984 ante
1242 1938 1306 1984 Cart.

244 1997 274 2049 -’
290 2014 344 2060 318.
355 2017 406 2060 Ima
414 2015 500 2074 potirer.
518 2017 607 2060 Bonon.
622 2015 632 2058 Ι
645 2026 668 2060 et
680 2017 710 2060 11.
727 2016 847 2060 Dr'seerrn't.
862 2014 921 2059 Edd.
930 2024 987 2060 ante
1004 2017 1068 2061 Crrr.
1079 2025 1164 2076 praeter
1175 2017 1260 2062 Moser.
1277 2041 1306 2050 -

245 2094 298 2155 319.
313 2096 343 2138 Se
359 2109 438 2155 neque.
458 2093 523 2138 Gerr.
536 2093 589 2140 cod.
607 2098 642 2140 Ae
653 2104 750 2156 nequeat
759 2103 813 2140 tam.
824 2093 899 2140 Vatia.
913 2095 1002 2140 Boron.
1015 2093 1084 2139 codd.
1102 2096 1190 2140 Bonam
1202 2095 1220 2140 l.
1232 2096 1276 2142 En.

244 2303 322 2339 causa
341 2285 449 2358 impiam
470 2286 497 2338 in
525 2298 625 2357 patrem
648 2305 752 2358 sumque
796 2285 860 2350 lud,
876 2285 927 2338 Od.
941 2288 992 2348 111,
1006 2304 1033 2354 9,
1057 2293 1108 2350 ad:
1127 2302 1205 2337 terum
1225 2291 1307 2339 vivere

243 2364 324 2435 ipsius
333 2364 407 2418 fama
413 2363 551 2436 prodigam
559 2366 669 2428 lore‚et‚
677 2363 753 2436 quid·
796 2384 889 2426 amem,
898 2380 975 2416 tecum
986 2368 1072 2416 obeam
1083 2368 1164 2416 libens.

245 2441 309 2513 quid
320 2441 430 2496 deorum
440 2442 582 2496 dearumve
592 2441 664 2514 apud
676 2461 751 2516 supe·
832 2445 892 2498 315.
904 2449 1034 2496 Absentem
1043 2447 1188 2506 sevissima,
1198 2445 1305 2499 iratissi-

243 2539 288 2572 ros
302 2534 327 2572 et
341 2523 438 2576 inferos
452 2533 506 2585 est,
522 2522 653 2593 implorat.
795 2541 856 2586 ma,
865 2526 946 2591 poscit
957 2526 1055 2584 Pelian,
1065 2534 1139 2594 optat
1149 2535 1305 2595 presentem

280 2601 339 2652 312.
351 2607 437 2653 Pttlsat
446 2603 558 2662 lamam,
573 2601 698 2672 quoniam
710 2600 750 2652 in·
793 2599 908 2663 habere,
923 2612 952 2653 ut
968 2620 1018 2652 ora·
1031 2601 1244 2656 invadat-Nos
1259 2604 1305 2656 ali·

244 2679 353 2732 fernalia
378 2680 481 2733 invocat
504 2679 623 2734 numina.
647 2680 690 2732 Sic
709 2679 751 2732 vir
795 2693 834 2733 ter
855 2680 1042 2752 intelligimus:
1062 2683 1143 2747 poscit
1162 2685 1247 2732 Pelian
1271 2681 1305 2736 ad

243 2758 337 2811 doctus
356 2763 482 2826 (lorcin),
499 2759 526 2810 in
544 2759 653 2813 Miscell.
674 2761 750 2812 Ohss.
795 2758 1305 2830 sevusimesupplicia.Praepositiouem,

244 2839 330 2890 Batav.
346 2839 396 2891 vol.
410 2841 439 2901 I,
457 2857 485 2908 p.
498 2841 562 2901 160,
582 2857 611 2890 ex
624 2839 750 2902 Homero,
795 2840 899 2909 poetico
911 2858 1002 2900 more,
1017 2837 1103 2889 omisit
1112 2838 1242 2892 Valerius.
1251 2840 1303 2893 En.

244 2919 274 2970 Il.
287 2918 338 2981 lx,
349 2918 415 2971 568:
426 2923 499 2990 γαῖαν
511 2919 659 2992 πολυφόρὲην
671 2923 750 2991 χερσὶν
833 2920 891 2988 317.
902 2924 970 2986 Soepe
981 2937 1038 2968 suas
1051 2919 1138 2968 misero
1145 2923 1304 2986 promittere,

244 3001 329 3062 mota,
348 3001 509 3057 Ktttlttlmtouo'
522 2992 599 3055 didm
623 3000 664 3054 atel
683 3003 752 3054 e'trttt·
796 2995 933 3059 addicere,
963 2999 1079 3057 destinat,
1107 2997 1213 3059 statuit,
1240 3014 1305 3050 artes

242 3083 284 3138 νὴν
297 3082 484 3151 Περσιφὸνιιανζ
795 3076 910 3146 magicas
921 3113 928 3137 ,
941 3095 1000 3125 mox
1011 3078 1114 3144 denegat
1128 3079 1203 3145 (dein
1215 3092 1304 3146 negat,

242 3162 440 3224 -Mam'tusque
450 3159 704 3217 immurmuraturrct's,
714 3156 752 3208 in·
796 3153 896 3206 Dorvil.
911 3153 946 3206 ad
959 3152 1098 3206 Chariton.
1112 3173 1172 3225 pag.
1188 3154 1248 3224 570,
1262 3155 1303 3210 ed.

243 3236 368 3297 curvatis,
379 3234 457 3286 tacite
464 3251 552 3286 secum
561 3233 679 3304 loquitur
689 3251 697 3296 ;
706 3234 751 3288 Sil.
796 3231 867 3302 Lips.
877 3234 886 3298 )
898 3237 989 3300 ,atque
1002 3252 1052 3283 una
1065 3236 1147 3300 potius
1163 3237 1269 3285 decernit
1279 3237 1304 3285 in

242 3315 303 3366 ltal.
322 3313 399 3376 XIII,
421 3313 488 3374 snt,
508 3333 626 3364 arenarum
645 3333 752 3364 murmur
796 3313 841 3362 ἱνα.
854 3309 925 3376 Quid
940 3309 989 3364 sibi
1004 3311 1065 3365 velit
1074 3311 1220 3374 Valerius,.
1230 3313 1305 3366 facile

243 3396 368 3444 anhelares.
796 3402 833 3441 est
846 3389 880 3442 ad
893 3388 1093 3462 intelligendum
1107 3408 1113 3441 t
1132 3401 1181 3444 stat
1200 3403 1302 3444 senten·

278 3471 338 3524 313.
350 3473 435 3521 Noctis
445 3472 528 3520 lteram
538 3473 666 3537 Ditemque
674 3472 749 3544 ciens,
794 3469 830 3520 tia
841 3507 849 3532 ,
860 3482 930 3522 certa
939 3468 1046 3522 tandem
1056 3481 1108 3534 est,
1120 3489 1172 3522 sum
1181 3469 1302 3524 Jasoncm

240 3549 492 3610 surcrtrrere,beare‚
506 3545 748 3608 eandemdiuastli·
794 3549 858 3602 sorti
881 3550 1051 3620 permittere;
1078 3547 1123 3601 sed
1149 3549 1304 3602 insolentior

239 3643 324 3692 ctam,
342 3643 419 3680 morte
435 3629 524 3686 velint,
542 3629 665 3692 ipsumque
678 3628 752 3677 simul
794 3640 833 3680 est
849 3628 923 3681 verbi
946 3631 1073 3678 decernere
1090 3629 1256 3680 constructio.
1269 3659 1304 3668 -

240 3712 363 3759 demittere
375 3711 385 3776 (
396 3717 465 3758 recte
479 3703 579 3773 recepit
592 3702 725 3756 Harlesius
735 3724 750 3756 e
793 3706 862 3759 Vide
872 3706 907 3759 ad
918 3708 984 3759 calc.
996 3706 1050 3779 huj.
1062 3705 1106 3770 litt.
1116 3719 1169 3758 not.
1182 3708 1242 3762 318.
1252 3711 1302 3760 En.

240 3785 399 3838 Bononiensi
422 3803 471 3856 pro
494 3781 599 3854 vulgato
621 3785 748 3836 dirtittere.
830 3789 890 3856 319.
913 3791 999 3855 Neque
1023 3802 1074 3838 tam
1097 3789 1164 3853 turpi
1182 3789 1322 3837 cessuram'

238 3865 281 3921 Sic
291 3863 383 3933 virgil.
396 3867 457 3915 AEn.
470 3861 509 3913 lX
523 3900 530 3925 ,
547 3863 596 3932 5¹27
607 3881 615 3926 ;
625 3861 651 3913 X
661 3903 668 3928 ,
679 3866 748 3930 662)
794 3886 899 3934 semper,
918 3863 1035 3929 diutius,
1054 3867 1134 3916 anteri
1149 3867 1302 3932 proclamat,

238 3949 300 4004 leto,
318 3961 389 4010 quem
408 3957 511 4009 propter
518 3943 600 4007 fierit,
619 3961 673 4014 quo
694 3961 747 3994 non
793 3945 864 3998 clara
878 3962 942 3996 voce
954 3943 1124 4015 pronuntiat,
1142 3962 1219 4011 neque
1233 3963 1302 4010 opem

238 4023 397 4094 imprecatur
410 4030 520 4072 mortem
536 4019 638 4083 Jnsoni,
651 4019 696 4090 sed
709 4032 747 4072 est
791 4028 918 4090 viresqne,
946 4023 1043 4094 quibus
1068 4023 1176 4088 valeat,
1201 4025 1301 4092 ι’ςηοιο,

238 4099 335 4153 umoris
354 4097 527 4170 significatio,
544 4099 583 4152 uti
601 4099 704 4152 Horatii
717 4099 744 4150 il·
791 4101 944 4171 peregrino,
967 4105 1087 4152 daturam.
1114 4101 1157 4154 Sic
1180 4112 1238 4153 toro
1262 4118 1301 4152 re·
