2994 4702
552 385 918 450 ARGONAUTICA.
1210 381 1273 467 309

244 521 286 586 Et
301 520 429 586 rhamni
444 517 612 600 stimulos,
633 534 667 582 et
681 517 815 582 stridula
829 518 869 582 ab
883 515 999 580 arbore
1013 537 1120 580 ramos

244 637 384 724 Quaque
400 635 525 723 legens,
545 633 714 719 struxique
730 653 826 722 pyras
841 631 875 695 in
891 611 1038 721 ¹margine
1056 630 1159 695 fossae.
1235 645 1276 698 ets

243 750 348 816 Multa
363 771 495 838 quoque
517 749 586 838 ipsa
606 748 687 812 mihi
704 748 821 813 callens
837 745 953 811 Medea
971 745 1114 827 ferebat,

243 865 287 930 Et
298 865 379 930 sacri
396 887 436 930 ex
448 863 546 954 adyto
563 885 689 953 capsam
705 862 851 951 gestabat
870 860 990 926 odoris.

242 979 330 1045 Tum
345 999 483 1068 propere
497 977 610 1042 subter
625 991 747 1044 restem
762 975 933 1040 simulacra
948 974 1073 1071 peregi,

172 1172 175 1179 Ι
244 1094 457 1185 Imposnique
475 1094 600 1184 ignem,
624 1107 841 1182 congestaque
855 1091 994 1172 viscera,
1011 1111 1132 1154 sacram

244 1211 325 1276 Rem
344 1209 487 1291 faciens,
514 1207 637 1274 catulos
657 1207 751 1298 nigra
767 1223 831 1272 tres
847 1207 931 1297 pelle
946 1205 1060 1271 locavi.
1141 1227 1147 1240 ·
1236 1225 1275 1275 ,ss

244 1324 408 1416 Sanguine
426 1323 602 1390 miscebam
624 1323 828 1398 calchantum
848 1338 881 1387 et
898 1321 1063 1387 struthion
1083 1321 1156 1404 illo,

242 1439 284 1505 Et
296 1440 433 1506 'scissam
446 1461 604 1519 cnecum3
624 1438 770 1504 deforme
782 1438 840 1502 his·
849 1437 988 1526 psyllion
1005 1435 1109 1518 addo,

243 1556 453 1637 Chalcimon,
472 1556 715 1645 anchusamque
731 1554 1070 1642 rubram,·trunciquc
1082 1553 1224 1619 subinde

243 1672 392 1762 Apposui
412 1687 541 1736 ventres
562 1687 650 1736 secto
666 1668 708 1735 de
726 1691 865 1758 corpore
885 1669 1017 1757 plenos,

244 1787 436 1853 Succinctus
452 1787 555 1876 pullas
568 1786 760 1874 ferrumque
776 1785 894 1855 hostile
907 1785 1069 1867 lacernas,
1236 1805 1276 1853 ⁹⁵⁵

245 1902 484 1990 Pulsabamque
503 1923 646 1991 rogans:
665 1901 746 1966 dant
760 1901 821 1966 iliae
840 1901 988 1990 protinus
1009 1923 1101 1966 aures

246 2016 368 2083 Lurida
385 2031 575 2105 rumpentes
594 2016 716 2082 funesti
733 2016 871 2081 claustra
888 2017 1049 2098 barathri,

243 2133 441 2222 Tisiphone,
461 2133 637 2222 Alectoque
654 2131 784 2214 furens,
801 2147 835 2198 et
852 2130 904 2196 dia
919 2131 1075 2221 Megaera,

245 2246 523 2336 Succenduntque
540 2247 626 2312 faces
643 2247 677 2310 in
694 2245 815 2313 caedem
833 2262 866 2311 et
880 2248 1016 2312 vulnera
1028 2263 1143 2330 tetras3
1162 2301 1163 2304 ,

246 2361 440 2450 Invaditque
457 2385 572 2452 pyram
588 2359 725 2428 flammis
745 2361 958 2427 stridentibus
976 2362 1079 2451 ignis;
1236 2381 1276 2432 ⁹⁶⁰
1356 2445 1360 2454 1

246 2477 289 2541 Et
303 2477 431 2543 furnum
450 2477 617 2568 ingentem
631 2475 768 2568 flagrem
784 2475 841 2544 dat
857 2479 892 2541 in
905 2477 1024 2544 aethera
1045 2476 1153 2559 nidor,

247 2591 360 2675 Quum
377 2591 489 2656 subito
507 2593 635 2656 inferna
650 2613 709 2680 per
723 2589 887 2656 flarirmarn
903 2591 981 2657 sede
996 2592 1157 2678 feruntur,

244 2704 392 2770 Crudelis
411 2729 473 2770 nec
487 2706 554 2770 visa
570 2707 657 2787 lues,
673 2705 865 2794 facinusque
879 2707 1096 2795 stupendum:

248 2821 394 2910 Corpora
409 2836 488 2885 sunt
503 2821 548 2885 illi
566 2819 707 2886 deduco
724 2821 860 2885 immitia
878 2823 965 2886 Ferro

247 2931 484 3023 Pandorenque
498 2950 636 3000 vocant:
655 2934 750 2999 variis
766 2932 888 2998 dehinc
903 2934 1036 3000 horrida
1051 2939 1164 3002 formis
1237 2958 1274 3008 ns

246 3050 421 3131 immanis,
437 3073 498 3116 nec
516 3065 626 3114 mente
641 3071 756 3137 capax,
771 3063 1020 3138 monstrosaque
1033 3051 1116 3117 Ditis

177 3175 185 3189 '
245 3166 328 3230 Nata
343 3165 461 3255 triceps
478 3165 614 3246 Hecate,
632 3165 708 3230 laera
727 3187 802 3228 nam
818 3179 909 3253 parte
924 3164 1061 3245 jubosus

244 3283 360 3348 Minuit
378 3303 498 3370 equus,
520 3279 631 3346 dextra
648 3281 763 3346 rabido
779 3282 867 3346 canis
882 3295 997 3345 aestuat
1015 3305 1090 3363 ore,

247 3401 381 3468 Exitiale
406 3399 544 3480 maium,
568 3395 677 3462 medio
693 3398 759 3462 iera
772 3397 878 3486 surgit
895 3396 1046 3487 agrestis,

247 3518 342 3582 Ensis
360 3531 500 3604 utraque
517 3535 634 3578 manus
655 3513 723 3578 acie
743 3511 907 3600 distringit
927 3527 1031 3576 acuta.
1115 3543 1118 3560 =
1223 3542 1279 3581 '970

247 3635 290 3698 At
305 3633 390 3699 circa
406 3631 531 3696 foveam
546 3629 651 3694 varios
667 3630 840 3694 sinuantur
857 3628 890 3691 in
908 3627 1003 3692 orbes

248 3747 397 3815 Pandore
413 3763 511 3835 atque
528 3745 668 3828 Hecate,
683 3745 856 3809 Poenarurn
876 3743 954 3806 hinc
972 3743 1068 3807 turba
1083 3743 1233 3826 subibat,

249 3865 397 3952 Quaeque
413 3863 497 3928 faces
515 3876 624 3926 custos
641 3860 747 3950 piceas
763 3845 934 3924 immunda
948 3858 1060 3922 Dianae

248 3979 350 4045 Mittit
367 3979 461 4044 humi
480 3994 627 4043 sternens
640 3977 771 4058 oculos,
797 3998 858 4040 nec
872 3974 912 4038 ad
928 3973 1046 4038 aethera
1063 3974 1154 4038 tollit.

249 4073 413 4161 lambunt
432 4117 488 4160 ora
504 4117 599 4160 canes
619 4093 739 4158 innati:
754 4107 903 4182 argentea
916 4090 1046 4172 jamjam
1242 4108 1280 4159 97⁵
