2994 4702
257 337 323 413 '352
642 350 940 420 CATALOGUS
975 373 978 387 v

254 473 382 537 stabulo
401 489 433 535 et
450 473 534 535 bello
548 495 623 535 cum
644 473 800 555 Hercule,
820 488 857 536 ut
874 497 946 561 quae
966 473 1006 564 ad
1022 478 1237 563 Argonautica
1254 499 1323 541 non

255 579 432 666 pertinent,
450 577 504 641 hic
522 579 678 666 attingere
696 602 763 642 non
782 595 881 643 vacat.

298 815 566 897 AUTOLYCUS,
587 815 740 880 Mercurii
757 816 859 898 filius,
889 801 985 881 notus
1011 817 1141 882 furandi
1168 835 1255 898 arte,
1279 839 1320 880 ex

256 923 386 1001 Chione,
400 921 449 984 vel
459 970 467 1003 ,
476 938 513 984 ut
521 921 590 1003 alii,
601 943 640 984 ex
650 921 817 986 Philonide
826 922 1019 987 Daedalionis
1029 922 1108 1006 filia,
1120 922 1184 986 vid.
1199 923 1318 1012 Hygin.

254 1029 315 1092 lab.
335 1049 397 1090 noo
409 1044 441 1090 et
453 1049 511 1091 201
524 1076 532 1109 ,
547 1043 579 1091 et
594 1028 635 1092 de
649 1030 741 1107 cujus
759 1051 876 1118 genere
890 1029 963 1093 vide
978 1031 1190 1094 Mercriacum
1208 1029 1248 1093 ad
1262 1030 1319 1091 ini·

254 1133 335 1196 tium
346 1133 495 1221 Epistolae
509 1132 673 1199 Ovidianae
686 1134 873 1222 Penelopes.
887 1137 958 1199 Hoc
973 1158 1076 1199 unum
1096 1134 1227 1215 adjicio,
1243 1133 1318 1198 Ser·

252 1240 340 1302 vium
351 1239 433 1302 duos
444 1237 615 1323 Autolycos
628 1238 825 1329 distinguere
833 1239 875 1304 ad
888 1239 1016 1305 AEneid.
1026 1242 1058 1304 11
1069 1290 1077 1322 ,
1089 1261 1148 1329 79:
1160 1242 1316 1328 priorem,

253 1346 347 1408 etiarn
362 1346 467 1407 furem
476 1391 485 1424 ,
495 1344 646 1408 habuisse
663 1343 746 1408 lilios
760 1345 841 1410 duos
852 1395 861 1428 ,
872 1346 1046 1436 Sisyphum
1058 1363 1090 1410 et
1101 1348 1316 1435 Autolycum,

251 1450 388 1538 Sisypho
402 1465 512 1511 natum
530 1449 702 1530 Sinonem,
719 1472 757 1513 ex
771 1452 931 1539 Autolyco
946 1451 1088 1516 secundo
1105 1453 1258 1539 Ulyxem;
1273 1451 1317 1514 ita

252 1572 287 1618 nt
300 1554 450 1634 Anticlia,
464 1575 561 1641 quam
577 1555 722 1642 corrupit
734 1553 909 1643 Sisyphus,
923 1557 1022 1620 luerit
1037 1557 1141 1620 fratris
1158 1556 1230 1620 lilia.
1245 1557 1315 1620 Me-

253 1675 357 1723 morat
374 1659 469 1722 ctiam
494 1659 608 1722 Strabo
634 1657 825 1745 Autolycum
846 1662 951 1726 furem
969 1677 1001 1725 ct
1020 1663 1176 1751 parietum
1194 1663 1317 1750 perliss-

250 1789 355 1829 sorem
365 1813 374 1846 ,
385 1765 440 1852 qui
455 1764 488 1825 in
501 1765 641 1828 Parnaso
655 1765 825 1840 habitarit,
839 1767 895 1831 lib.
906 1767 954 1831 IX
966 1817 974 1849 ,
988 1790 1021 1855 p.
1037 1767 1117 1854 439,
1132 1791 1170 1830 cx
1183 1769 1313 1832 Homer.

250 1873 288 1935 11.
306 1873 352 1947 X,
372 1870 446 1934 226.
465 1873 494 1935 A
511 1871 579 1933 solo
596 1869 797 1957 Apollodoro
820 1889 1019 1936 memoratur
1038 1873 1092 1936 hic
1110 1873 1194 1936 inter
1214 1877 1315 1961 Argo·

251 1995 373 2042 nautas.
394 1976 529 2040 Videtur
551 1993 659 2040 autern
679 1978 858 2064 antiquior3
880 2001 954 2043 narn
974 1961 1041 2060 ejus
1065 1979 1127 2044 lilia
1145 1980 1279 2043 Anticlia
1295 2001 1314 2040 a

250 2084 389 2173 Sisypho
411 2082 497 2146 AEoli
518 2081 583 2148 filio
606 2083 671 2161 jam
697 2084 1024 2172 compressadicitur,
1042 2102 1073 2149 et
1094 2085 1221 2174 gravida
1243 2084 1314 2148 data

251 2191 390 2264 Lacrtae,
412 2187 468 2274 qui
496 2189 590 2250 etiam
616 2188 701 2250 inter
725 2190 926 2277 Argonautas
952 2207 1159 2273 numeratum
1181 2189 1253 2254 vide
1272 2189 1314 2254 de

248 2294 403 2378 Autolyco
416 2294 596 2356 hocTzetz.
615 2293 748 2356 Chiliad.
764 2296 857 2376 Vttl,
874 2319 955 2376 aon,
975 2319 1007 2384 p.
1025 2301 1095 2382 149.
1110 2297 1279 2360 Praeterea
1294 2319 1313 2359 a

248 2397 442 2488 quibusdam
460 2397 639 2479 Alcimede,
653 2417 755 2463 mater
770 2403 913 2483 lasonis,
932 2404 992 2467 lilia
1012 2403 1158 2490 Autolyci
1173 2402 1314 2467 creditur

248 2508 364 2586 luisse,
382 2505 422 2567 de
432 2527 494 2591 qua
507 2506 540 2567 in
550 2505 665 2568 Jasone
677 2528 826 2593 agemus,
840 2531 899 2572 nec
909 2509 1037 2574 videtur
1053 2533 1130 2572 artis
1143 2508 1204 2572 sub
1212 2507 1313 2572 ductu
1349 2519 1352 2524 '

250 2611 375 2698 nepotis
397 2611 447 2673 sui
469 2609 637 2674 militasse:
655 2633 754 2698 quare
771 2613 868 2689 credo
887 2613 1119 2701 Apollodorum
1134 2614 1224 2679 hunc
1241 2616 1311 2678 Au·

249 2717 385 2802 tolycum
402 2717 595 2780 nobiliorem
613 2716 799 2781 confudisse
821 2741 896 2782 cum
917 2721 1025 2784 minus
1042 2737 1121 2784 noto
1140 2720 1309 2804 Autolch,

248 2825 305 2911 qui
332 2846 366 2887 se
399 2823 591 2910 Argonautis
618 2821 701 2886 circa
728 2823 870 2910 Sinopen
899 2825 1013 2888 urbem
1047 2825 1211 2905 adjunxit,
1237 2847 1311 2890 curu

248 2929 382 3016 Phlogio
398 2945 430 2992 et
446 2927 602 3004 Bedente,
621 2944 658 2990 ut
675 2943 805 2990 narrant
822 2929 1034 3014 Apollonius,
1051 2930 1105 2994 lib.
1120 2931 1171 3010 ll,
1187 2929 1264 3017 957,
1280 2946 1313 2994 et

247 3027 314 3100 Val.
337 3037 384 3100 Fl.
407 3036 446 3118 V,
473 3034 553 3114 115;
575 3035 636 3097 hos
661 3033 851 3120 Apollonius
875 3033 950 3098 facit
977 3035 1057 3102 filios
1084 3037 1263 3115 Drimochi,
1280 3053 1311 3100 et

245 3143 345 3206 fuisse
360 3141 493 3206 comites
510 3139 656 3201 Herculis
666 3154 777 3201 contra
789 3123 982 3220 Amazonas,
996 3156 1028 3206 et
1041 3140 1159 3204 deinde
1176 3163 1310 3222 errasse,

246 3265 277 3312 et
290 3248 371 3312 circa
383 3247 524 3332 Sinopen
537 3242 706 3306 habitasse.
725 3243 866 3324 Quidam
880 3245 975 3308 etiam
989 3247 1182 3331 Atttolycum
1197 3264 1311 3335 putant

245 3353 448 3421 conditorem
459 3351 605 3436 Sinopes,
617 3365 648 3412 et
659 3347 726 3426 ejus
738 3366 874 3414 statuam
887 3353 1005 3440 egregii
1015 3353 1139 3441 operis,
1153 3353 1311 3418 aStenide

246 3463 376 3538 laetam,
394 3457 438 3520 ibi
458 3456 555 3518 fuisse
578 3453 733 3541 positam,
755 3479 826 3543 quae
849 3473 1027 3545 expugnata
1045 3460 1157 3523 urbea
1176 3460 1311 3524 Lucullo

246 3567 309 3630 fuit
332 3564 456 3642 ablata;
483 3559 546 3624 vid.
570 3559 719 3624 Strabon.
738 3561 818 3642 XII,
836 3585 907 3652 pag.
936 3563 1010 3652 337,
1037 3564 1093 3652 qui
1114 3564 1203 3629 addit
1222 3565 1311 3628 hunc

248 3671 436 3756 Arctolycum
450 3689 552 3729 uuum
564 3665 800 3748 luisseexillis,
817 3669 958 3754 quicum
975 3672 1090 3734 Jasone
1109 3670 1308 3759 navigarunt.

246 3778 394 3866 Hyginus
406 3794 483 3836 vero
496 3794 570 3835 eum
589 3787 622 3834 et
642 3788 705 3835 tres
723 3771 790 3850 ejus
807 3776 941 3838 comites
957 3775 1056 3838 luisse
1073 3774 1155 3838 filios
1171 3775 1308 3860 Phryxi,

173 3968 175 3974 ¹
245 3905 329 3971 quos
346 3881 409 3943 alio
428 3876 559 3941 nomine
571 3875 686 3940 diversi
700 3877 870 3965 scriptores
887 3880 1044 3969 appellare
1060 3899 1309 3945 consueverunt.

288 4084 463 4162 AZORUS.
477 4077 670 4167 Hesychius,
686 4085 795 4163 Ᾰζωρος,
812 4092 925 4161 εὔκρατος
938 4090 1012 4155 οἶνος,
1027 4095 1067 4146 καὶ
1082 4098 1094 4147 ὁ
1108 4093 1252 4164 animulam<
1266 4101 1308 4157 τῆς
