3022 4678
276 377 336 440 126
573 379 826 444 C.VALER11
855 381 1028 446 FLACCI

359 507 446 596 Ergo
461 522 498 569 ut
514 521 581 570 erat
593 509 684 572 vultu
701 506 823 574 defixus
839 526 977 599 uterque
991 512 1112 594 silenti,

313 622 452 707 Noxque
468 641 565 684 suum
580 621 750 709 peragebat
767 623 845 704 iter,
858 623 987 704 jamjam
1004 649 1060 690 ora
1076 629 1180 692 levare

205 821 208 830 Δ
316 734 515 816 AEsoniden,
530 735 655 823 ferique
670 736 762 824 cupit
776 737 890 802 Medea
905 741 1056 827 priorem.

317 849 424 932 Quam
441 849 537 912 simul
554 849 665 913 effusis
680 851 874 938 pavitantem
893 851 1020 918 fletibus
1036 854 1148 933 beros,
1293 881 1333 922 oe

316 967 565 1055 Flagrantesque
578 987 675 1054 genas
693 964 791 1046 vidit,
818 967 1038 1056 miserumque
1055 968 1234 1056 pudorem,

315 1081 381 1144 Has
398 1077 528 1143 tandem
542 1099 636 1142 voces
654 1077 760 1161 dedit,
773 1094 806 1142 et
821 1081 941 1145 solatus
959 1098 1119 1146 amantem
1138 1099 1200 1148 est:

315 1225 328 1251 κ
339 1197 459 1260 Fersne
475 1194 614 1280 aliquam
629 1215 718 1281 spem
736 1193 837 1258 lucis?
850 1195 909 1275 ait,
928 1195 1075 1259 miserata
1092 1196 1235 1260 laborem

314 1307 439 1394 Nempe
454 1304 565 1370 venis?
579 1327 620 1368 an
638 1322 670 1369 et
687 1307 754 1394 ipss
771 1329 841 1371 mea
855 1307 1002 1372 laetabcre
1016 1309 1143 1373 morte?

315 1421 383 1501 Ne,
401 1439 527 1507 precor,
541 1416 675 1482 infando
691 1418 828 1486 similem
843 1437 894 1503 te,
908 1422 1014 1512 virgo,
1033 1424 1158 1509 parenti
1293 1441 1330 1484 us

313 1533 473 1602 Gesseris:
487 1529 576 1596 haud
596 1532 674 1596 tales
690 1530 783 1596 decet
797 1533 1002 1598 inclementis
1017 1535 1137 1598 vultus.

315 1649 452 1712 Hascine
466 1667 554 1710 nunc
573 1659 693 1734 gretes,
710 1645 778 1710 haec
793 1663 973 1734 exspectata
987 1646 1136 1711 laborum

315 1763 409 1826 Dona
425 1760 494 1825 dari
509 1759 639 1824 decuit?
652 1761 697 1824 sic
712 1777 745 1826 te
759 1761 821 1825 sub
840 1777 921 1825 teste
937 1761 1057 1824 remitti

314 1880 372 1942 Fas
387 1899 459 1957 me,
473 1877 580 1964 virgo,
602 1875 721 1940 tuum?
740 1877 843 1955 justas
860 1875 900 1939 da
915 1876 1049 1940 vocibus
1067 1899 1169 1940 aures.

315 1977 383 2056 Nec
400 2005 492 2076 pater
509 1989 561 2052 ille
580 2004 656 2052 mus
673 1989 770 2052 tantis
789 2010 842 2051 me
856 2010 1023 2077 opponere
1040 1991 1212 2065 monstris,
1294 2013 1330 2053 no

303 2211 356 2265 419.
369 2205 413 2250 Fas
428 2201 491 2246 milu'.
502 2200 577 2247 Vetic.
589 2202 679 2246 Bonon.
693 2199 763 2246 codd.
777 2200 842 2246 Junt.
859 2210 882 2246 et
895 2209 993 2261 postem.
1007 2204 1050 2246 Fas
1062 2203 1102 2246 mi.
1121 2201 1199 2246 Alsrd.
1218 2215 1248 2245 sn
1263 2200 1330 2246 etiem

270 2285 334 2330 Gerr.
345 2283 367 2328 11
376 2283 386 2326 i
406 2279 442 2326 Ct'.
454 2279 533 2326 Heius.
542 2288 566 2325 et
576 2279 655 2325 burm.
665 2286 725 2324 nott.
742 2279 785 2324 En.

268 2506 309 2540 σον
331 2484 450 2539 teutonis
469 2481 557 2551 οὕρισιν
576 2479 713 2550 ὶρῥίζωνται
730 2484 780 2533 Nn·
824 2477 955 2543 continet,
966 2496 1016 2532 nec
1028 2478 1078 2549 ipsi
1087 2476 1154 2530 adeo
1165 2474 1266 2529 Medea
1274 2494 1333 2547 pso

272 2565 352 2636 stpin.
824 2555 908 2618 cit,v.
922 2558 980 2618 418.

303 2650 364 2711 4⁰7·
380 2639 470 2709 Ergo,
483 2636 548 2689 dum
565 2635 671 2688 silentes
683 2633 779 2686 demis·
859 2635 918 2698 413.
934 2641 1023 2686 Ferme
1041 2639 1152 2702 aliquam
1172 2652 1238 2701 spem
1256 2637 1328 2693 meis,

270 2739 352 2793 eoque
372 2718 446 2770 vultu
468 2715 505 2767 ite
527 2725 618 2768 contre
640 2731 667 2765 se
691 2725 776 2776 stent,
822 2713 928 2766 miuus?
944 2711 995 2766 Eu.

270 2817 370 2868 noxque
392 2815 462 2847 suum
473 2796 610 2863 peragebat
626 2795 679 2852 iter,
699 2793 727 2844 in
746 2809 779 2844 eo
858 2793 920 2856 415.
933 2795 1056 2862 Infando,
1067 2792 1246 2864 iniquissimo,
1255 2791 1333 2864 perfi-

271 2892 345 2940 erat,
361 2889 391 2929 ut
407 2882 560 2947 perageret,
576 2869 684 2941 diesque
697 2888 780 2941 prope
823 2870 859 2923 do
869 2875 992 2939 ‚parenti

271 2960 421 3013 illucescere
441 2951 599 3022 incipiebat,
611 2951 719 3022 jamjam
736 2949 780 3001 Je-
859 2953 919 3013 418.
927 2953 967 3001 Sic
978 2965 1002 3001 te
1011 2955 1055 3002 sut
1062 2943 1204 3022 (rapitur,
1216 2963 1245 3004 ut
1253 2955 1332 3024 ssepe)

270 3057 361 3092 sonem
379 3034 479 3100 vultum
497 3031 609 3100 erigere,
619 3031 724 3096 farique
737 3047 779 3078 cu·
824 3043 892 3088 teste,
918 3038 944 3080 te
970 3041 1097 3100 prsesente
1119 3028 1226 3098 (adfuit
1244 3031 1331 3092 enim;

266 3123 306 3189 pit
327 3119 415 3169 Medea
434 3115 552 3180 priorem.
574 3107 645 3160 Bene
666 3106 780 3159 consulit
823 3105 876 3159 vid.
888 3123 967 3177 supru
982 3108 1030 3160 103
1041 3111 1060 3176 ),
1071 3111 1172 3168 remitti,
1184 3108 1332 3180 repudiari,

271 3195 368 3271 pudori
376 3190 485 3264 virginis
493 3199 572 3259 poeta
580 3227 588 3252 ,
597 3187 644 3258 qui
654 3183 779 3257 loquendi
815 3187 861 3252 sas
871 3205 908 3234 me
917 3199 998 3248 tuum,
1008 3187 1055 3258 qui
1068 3197 1205 3259 tantopere
1216 3200 1241 3240 te
1253 3187 1313 3240 colo
1324 3225 1332 3249 ‚

270 3274 373 3348 cupidae
385 3269 478 3342 prioris
489 3279 576 3318 temen
587 3265 780 3318 sermocinatio·
823 3281 882 3316 emo
890 3262 987 3332 ijustas
999 3269 1033 3318 da
1044 3270 1145 3319 vocibus
1156 3287 1238 3327 aures,
1253 3267 1333 3339 eequis

270 3357 312 3409 nis
324 3363 411 3425 partes
421 3366 474 3401 nou
488 3345 589 3398 tribuit.
823 3343 930 3396 auribus
940 3362 1069 3417 equoque
1081 3347 1170 3398 animo
1182 3345 1279 3399 audies.

307 3431 466 3499 410.Quem
479 3436 509 3478 ut
520 3423 623 3477 anxiam
633 3421 780 3494 multasque
859 3429 917 3486 tao.
937 3424 977 3476 Ne
992 3441 1067 3493 pater
1081 3423 1188 3494 quidem
1207 3439 1275 3486 tuus,
1291 3428 1332 3476 ille

270 3512 424 3570 fundentem
446 3503 582 3566 lacrimas,
593 3505 780 3573 shgrantuque
824 3495 1013 3575 (ἆμφατικῶς),
1028 3513 1082 3554 tem
1096 3500 1183 3568 dirus,
1195 3506 1276 3554 uobeit
1291 3521 1334 3555 mc

268 3612 345 3664 genas
362 3585 442 3650 vidit,
456 3588 630 3650 miserumque,
643 3581 690 3652 qui
704 3581 780 3634 mise·
823 3581 945 3652 perdere,
954 3599 1037 3652 quum
1045 3581 1160 3651 primum
1170 3581 1252 3634 vellus
1261 3582 1333 3652 petii.

270 3668 411 3726 ricordinm
422 3660 673 3731 moveret(Ovidius
683 3659 781 3732 aliquo
824 3661 937 3725 Revera,
957 3664 1045 3712 AEetes
1067 3659 1189 3712 Iasonem
1211 3659 1334 3715 simulem

270 3753 331 3812 ties,
341 3747 449 3796 Metam.
462 3743 497 3805 X,
509 3748 557 3804 411
570 3758 577 3803 ;
590 3739 685 3792 Noster
697 3739 780 3803 infra,
824 3738 983 3809 benignitate
1003 3751 1154 3809 exceperat;
1175 3737 1230 3792 vid.
1253 3756 1334 3810 supro

271 3825 521 3896 agrum),pudorem
535 3824 580 3872 has
593 3822 692 3872 tandem
707 3839 780 3870 voees
825 3818 862 3881 V,
874 3817 933 3879 534.
944 3815 996 3869 Eu.
1008 3847 1042 3856 —
1052 3819 1093 3870 An
1106 3817 1226 3871 monstris
1236 3836 1278 3870 me
1287 3819 1334 3871 ob·
1387 3867 1396 3892 ,

274 3909 353 3964 dedit,
369 3918 393 3952 er
404 3905 495 3952 solatus
514 3915 636 3952 amntem
649 3913 693 3958 est.
708 3897 781 3952 sota-
823 3897 903 3968 jicere
911 3914 975 3946 name
986 3899 1054 3956 vult,
1065 3915 1146 3968 quum
1155 3903 1220 3964 jacet
1232 3913 1334 3949 exrema

273 3981 332 4037 tus?
342 3983 375 4034 At
386 3999 463 4044 vero,
476 3996 534 4050 quse
548 3979 664 4050 sequitur
679 3975 762 4028 oratio
773 4013 780 4038 ,
826 3977 936 4042 cuspide,
944 3972 1031 4026 hostili
1040 3974 1130 4028 lancee
1140 4013 1147 4038 ,
1158 3979 1264 4046 Canthus
1271 3977 1333 4043 (VI,

274 4061 340 4116 nihil
356 4061 435 4114 habet
455 4057 556 4124 solatii,
569 4059 651 4111 immo
667 4074 730 4107 vero
745 4055 781 4106 nil
828 4050 908 4122 317)?
927 4056 1041 4120 qnodque
1060 4073 1125 4106 ntem
1146 4059 1230 4106 srestn's
1248 4059 1335 4106 cecidit

273 4141 324 4195 nisi
346 4140 466 4213 querelas
486 4135 520 4189 de
543 4135 679 4206 iniquitate
701 4133 782 4203 patris
822 4151 869 4197 pro
884 4133 999 4182 moenibns
1015 4134 1197 4204 Iphistflujus
1216 4133 1288 4186 nullu
1305 4133 1337 4186 tit
