2994 4702
479 421 898 486 aneonioranon.
964 467 971 474 .
1160 423 1227 507 389

93 544 106 596 ¹,
160 549 263 620 niam,
279 543 383 609 donec
397 567 413 606 a
429 545 552 608 meliori
571 542 683 608 codice
702 544 860 608 medicina
875 563 1044 633 appareat,
1061 549 1110 611 vel
1129 548 1225 610 indu·

159 651 266 716 bitatis
282 650 480 740 argumentis
497 650 551 714 bic
571 650 694 714 Ixittirrt
717 649 872 738 probetur
893 651 991 716 luisse
1016 653 1100 716 inter
1121 657 1223 740 Argo·

162 773 285 821 nautas.

205 1003 334 1068 JASON
344 1051 353 1086 ,
371 1007 495 1068 AEsoms
505 1003 613 1085 filius,
633 1002 700 1066 dux
719 1019 751 1066 et
768 1004 917 1090 princeps
934 1003 1147 1090 expeditionis
1164 1008 1224 1067 Ar·

162 1109 357 1196 gonauticae,
383 1109 462 1172 nulli
492 1132 558 1172 non
586 1125 685 1172 notus
709 1124 742 1171 et
767 1107 963 1188 celebratus,
989 1107 1127 1195 ideoque
1156 1109 1224 1188 ejus

162 1227 313 1293 stemma,
333 1212 422 1299 quod
447 1236 522 1276 cum
548 1213 701 1276 omnibus
718 1211 896 1275 Cretheidis
915 1228 947 1274 et
969 1211 1104 1275 AEolidis
1133 1236 1224 1276 eom·

162 1315 261 1380 niune
284 1317 413 1391 babuit,
434 1341 501 1380 non
526 1317 726 1381 deducemus
751 1316 939 1404 operosius,
960 1339 1019 1379 nec
1036 1317 1133 1380 vitam
1157 1317 1224 1397 ejus

160 1445 291 1486 omnem
310 1423 543 1486 enarrabimus.
564 1425 612 1486 De
628 1439 730 1486 matre
747 1423 815 1500 ejus
832 1423 946 1509 ingens
961 1420 1121 1484 discordia
1135 1423 1226 1486 Vete-

161 1549 246 1591 rum.
279 1511 504 1592 Communiter
529 1527 690 1590 Alcimede
720 1525 852 1614 Phylaci
886 1525 949 1588 iilia
978 1527 1141 1590 statuitur.
1177 1527 1226 1589 Ita

161 1631 311 1720 Apollon.
328 1634 361 1714 Ι,
379 1638 438 1720 47;
454 1633 524 1699 vat.
538 1635 640 1698 Flacc.
656 1635 691 1716 1,
711 1629 791 1719 295;
805 1632 971 1720 Hyginus,
990 1631 1053 1696 fab.
1073 1630 1091 1694 3
1112 1647 1144 1693 et
1166 1635 1223 1712 14,

162 1755 194 1802 et
214 1737 307 1802 Ovid.
326 1739 425 1827 Epist.
437 1739 497 1822 Vl,
518 1738 589 1803 105.
609 1740 714 1818 Hujus
734 1739 829 1802 etiam
850 1761 952 1826 genus
970 1737 1142 1800 incertum.
1156 1737 1224 1824 Hy·

162 1843 257 1930 ginus
274 1842 352 1907 dicit
368 1843 553 1906 Alcimeden
570 1841 666 1907 filiam
685 1865 753 1908 esse
772 1843 927 1928 Clymeni,
953 1841 1011 1905 ubi
1029 1842 1226 1905 Mezeriacus

162 1949 202 2013 ad
219 1949 311 2014 Ovid.
334 1950 433 2038 Epist.
451 1951 495 2013 Vl
520 1951 613 2014 initio
634 1949 807 2038 legendum
829 1965 940 2014 censet
958 1948 1130 2034 Cbmerrcs,
1154 1972 1226 2035 quae

163 2073 264 2120 mater
282 2055 459 2119 Abantiades
476 2055 556 2136 fuit,
578 2054 641 2118 lilia
658 2056 793 2143 Minyre5
811 2055 875 2119 vid.
896 2055 1001 2120 Sebol.
1023 2055 1170 2141 Apollon.
1190 2055 1226 2133 Ι,

166 2144 247 2241 530,
267 2177 299 2223 et
315 2183 411 2248 supra
429 2161 463 2223 in
478 2161 622 2224 Admeto.
646 2163 694 2224 De
714 2159 853 2244 Pbylcco
876 2160 1016 2223 vidimus
1038 2159 1070 2221 in
1089 2159 1227 2248 baliolo,

164 2288 238 2330 nam
254 2267 399 2352 Clymene
416 2267 545 2355 Phylaci
563 2290 646 2329 uxor
668 2265 764 2328 etiam
783 2265 950 2328 Scholiasti
969 2265 1009 2329 ad
1027 2289 1072 2328 rs.
1090 2264 1144 2346 45,
1168 2264 1225 2327 ubi

162 2373 252 2437 addit
269 2373 474 2438 Herodotum
491 2373 696 2462 Polrpbernea
715 2393 829 2435 vocare
847 2389 981 2436 matrem
998 2373 1137 2452 lasonis,
1153 2395 1226 2458 quae

162 2497 228 2544 erat
244 2480 306 2543 filia
323 2481 489 2567 Autolyci,
510 2503 582 2567 quae
600 2503 618 2542 a
635 2481 768 2558 Tectae,
786 2477 920 2541 Chiliad.
937 2477 1015 2558 Vll,
1032 2479 1090 2562 96,
1106 2476 1227 2541 dicitur

163 2579 320 2665 Pobmcle
329 2628 339 2658 ‚
359 2596 391 2644 et
407 2580 499 2658 eujus
514 2603 606 2643 soror
619 2579 810 2642 Alct'rrrcdea
829 2576 1042 2665 quibusdam,
1061 2595 1163 2641 mater
1173 2579 1226 2642 la·

162 2687 249 2748 sonis
266 2684 412 2749 babetur.
426 2686 477 2748 Ab
487 2683 698 2772 Apollodoro,
717 2684 772 2747 lib.
787 2684 819 2764 Ι,
835 2707 902 2770 cap.
917 2706 955 2769 9,
969 2693 984 2758 s
998 2685 1047 2762 16,
1058 2685 1229 2768 Polymede

162 2790 313 2876 Autolyci
332 2788 395 2852 filia
413 2807 561 2869 vocatur,
580 2805 617 2852 ut
633 2789 728 2851 etiam
746 2804 840 2851 vocat
855 2789 986 2850 'l'zetzes
1004 2787 1045 2851 ad
1065 2789 1224 2876 Lycophr.

163 2895 311 2981 872,qui
328 2894 372 2957 ibi
390 2893 486 2956 etiam
503 2894 582 2956 alios
598 2893 709 2955 Arnen
727 2907 861 2954 matrem
878 2895 982 2955 l'acere
997 2893 1122 2972 scribit,
1137 2893 1227 2979 quod

163 3021 283 3063 nomen
310 2999 342 3060 in
361 2997 565 3063 AEolidarum
587 2997 704 3060 femilia
734 2997 890 3060 usitatum
916 2997 1015 3060 fuisse
1043 2997 1139 3061 docet
1167 2999 1228 3061 alia

163 3108 250 3168 Arne
265 3127 303 3168 ex
319 3104 404 3168 AEoli
422 3127 557 3192 genere,
574 3127 670 3191 quam
690 3102 830 3166 vidimus
850 3125 888 3166 ex
905 3103 1050 3167 Diodoro
1065 3105 1174 3167 Siculo
1193 3104 1225 3166 in

163 3210 371 3300 Hippalctino.
394 3211 487 3274 Hanc
503 3213 615 3274 Arnen
633 3210 673 3273 ab
691 3209 758 3272 aliis
776 3209 953 3296 Scarphen,
974 3211 1038 3291 vel,
1058 3226 1095 3273 ut
1110 3208 1229 3299 legitur

163 3315 197 3379 in
212 3316 305 3380 variis
321 3315 515 3380 lectionibus
531 3337 665 3402 nuperae
682 3313 850 3388 editionis,
872 3315 1049 3401 Scrupltcn,
1076 3315 1125 3376 vel
1149 3315 1226 3376 Sca·

158 3421 262 3509 pltea,
287 3423 394 3485 vocari
417 3422 462 3485 ait
478 3421 620 3484 Tzetzes.
655 3420 704 3482 Ab
726 3420 813 3481 Arne
831 3417 918 3482 AEoti
936 3419 1070 3482 secundi
1089 3419 1171 3501 liba,
1196 3437 1228 3482 et

164 3543 265 3590 matre
285 3528 401 3609 Boeoti,
422 3527 500 3590 urbs
514 3525 684 3590 Thessaliae
696 3527 803 3603 Arne,
831 3540 911 3588 teste
929 3524 1109 3612 Stephano,
1127 3525 1227 3605 dicta,

165 3631 285 3717 dequo
297 3633 481 3708 oraculum,
493 3631 556 3710 Apa
573 3641 708 3710 χηριύουσα
720 3640 785 3708 plan
802 3638 912 3690 Βοιώτων
928 3633 1025 3710 talpa,
1042 3629 1134 3709 cujus
1151 3653 1225 3693 sen·

164 3757 218 3798 sus
235 3735 412 3816 obscurus;
439 3733 496 3798 sed
514 3751 622 3822 potest
643 3733 684 3797 ad
706 3730 807 3795 filium
825 3733 892 3812 ejus
911 3733 1053 3796 Boeotum
1073 3735 1156 3798 forte
1175 3759 1226 3797 re-

163 3841 260 3904 lerri:
281 3857 318 3904 ut
334 3841 421 3903 enim
436 3842 525 3903 Arae
542 3861 660 3903 nomen
676 3837 790 3900 babuit
806 3860 823 3899 a
841 3854 949 3923 patre,
966 3839 1020 3924 qui
1039 3839 1226 3902 abundabat

163 3947 297 4028 ovibus,
316 3947 359 4010 ita
378 3946 428 4009 illa
445 3968 483 4009 ex
499 3945 654 4034 Neptuno
672 3942 774 4005 lilium
791 3945 928 4029 pariens,
949 3943 1092 4008 Boeotum
1116 3944 1224 4032 appel·

162 4051 239 4114 lavit
255 4051 410 4132 abobus,
424 4051 487 4115 rid.
502 4051 648 4114 Eustatb.
662 4048 703 4112 ad
723 4049 855 4112 Homer.
874 4049 962 4113 lliad.
984 4052 1030 4131 ΙΙ,
1048 4049 1120 4138 507,
1134 4067 1165 4112 et
1184 4049 1224 4112 ad

162 4155 296 4244 Dionys.
315 4157 436 4244 Perieg.
453 4179 497 4220 vs.
518 4155 600 4237 426,
627 4173 657 4218 et
676 4152 860 4242 Etymologi
877 4155 986 4244 magni
1003 4171 1168 4218 auctorem
1188 4155 1222 4216 in
