3022 4678
253 393 313 457 ¹7⁰
402 427 406 437 ,
550 369 585 432 C.
609 367 805 434 VALERtt
834 367 1003 433 FLACCI

285 497 381 560 venta,
392 481 529 560 Princeps
541 481 714 556 juventutis,
729 479 887 558 Absyrtus,
903 501 983 539 arma
994 481 1071 560 rapit
1082 482 1206 559 primus,
1218 487 1312 543 AEetes

285 577 347 654 ipse
369 575 523 634 senectutis
546 573 697 632 immernor
717 573 753 632 ad
777 573 929 632 Phasidem
951 593 1064 632 amnem
1086 588 1238 652 properat,
1251 596 1313 654 prae

285 668 396 727 ceteris
409 681 503 727 tamen
516 665 615 744 regina
630 666 737 745 (Idyia)
750 665 908 728 miserabili
922 669 1054 728 oratione
1069 668 1155 726 liliam
1167 667 1313 747 deplorat,

289 763 427 833 134-171.
447 765 635 836 Argonauta,
651 760 784 819 secundis
807 761 851 818 usi
871 761 978 833 ventis,
996 761 1057 838 jam
1076 779 1170 839 prope
1192 775 1274 820 eraut
1295 781 1312 818 a

284 851 539 932 Symplegadibus,
554 872 572 910 a
586 851 692 931 quibus
709 873 804 932 nuper
820 866 877 912 tam
893 854 1004 913 infestis
1021 875 1123 914 cavere
1134 853 1219 931 jubet
1232 854 1312 913 navis

285 942 463 1023 gubernator
484 945 626 1022 Erginos,
655 943 819 1026 aliamque,
841 962 1016 1024 quamquam
1039 946 1217 1026 longiorem,
1237 948 1312 1005 viam

228 1085 231 1092 r
285 1040 404 1118 eligere,
422 1057 594 1117 cursumque
610 1039 724 1097 liectcre
743 1040 779 1097 ad
797 1037 926 1098 Danubii
942 1041 1031 1113 ostia,
1050 1041 1194 1118 175-196.
1218 1040 1312 1099 Facile

285 1133 427 1191 consentit
443 1135 547 1203 lason,
565 1151 617 1190 nec
635 1132 765 1209 lougius,
782 1151 844 1216 quo
863 1133 938 1191 fama
959 1152 1057 1192 rerum
1077 1153 1094 1191 a
1115 1153 1146 1192 se
1168 1145 1311 1210 gestarum

285 1225 370 1284 iatius
384 1224 557 1302 divulgetur,
571 1235 684 1283 recusat
697 1225 763 1296 iter,
777 1239 917 1300 197·aor.
928 1224 1032 1284 Moesta
1044 1225 1159 1282 interim
1174 1236 1203 1282 et
1216 1225 1312 1282 velato

284 1319 367 1376 vultu
388 1317 418 1374 in
439 1329 567 1374 extrema
589 1316 657 1374 navi
677 1316 757 1374 sedet
777 1314 899 1387 Medea;
925 1314 1021 1374 dolori
1039 1315 1312 1400 indulget,'vitrque
1356 1343 1361 1352 ·

284 1409 381 1470 cibum
404 1408 496 1488 capit,
514 1427 689 1487 quamquam
713 1414 801 1467 lason
825 1409 888 1486 ipse
909 1409 1058 1486 porrigat,
1077 1407 1311 1485 Thessaliamque

284 1501 362 1561 haud
386 1501 491 1579 procui
516 1499 614 1560 abesse
635 1500 802 1571 mentiatur,
825 1499 1116 1559 101-116.Τ111110111
1143 1499 1312 1579 pervenitur

161 1581 163 1588 ¹
224 1643 226 1646 .
283 1593 320 1651 ad
332 1597 454 1665 Istrum,
466 1591 518 1651 ubi
530 1592 628 1651 datam
641 1591 753 1652 Medeae
766 1591 893 1671 conjugii
907 1591 1092 1652 fidemsociis
1104 1597 1192 1652 lason
1206 1592 1311 1670 aperit,

282 1705 370 1764 quam
390 1686 431 1744 ita
450 1684 564 1768 egregie
582 1685 692 1745 meritas
712 1704 828 1744 mare
851 1684 988 1763 instigant
1007 1704 1118 1766 omnes.
1142 1685 1211 1746 Sine
1231 1703 1313 1742 mora

282 1792 422 1856 parantur
438 1777 566 1854 nuptiae3
584 1775 711 1850 incedit,
730 1791 763 1835 ut
780 1797 929 1855 uunquam
948 1791 1049 1849 antea,
1068 1777 1191 1857 pulcher
1206 1781 1311 1846 lason,

282 1868 435 1948 pulchrior
455 1867 573 1941 Medea,
595 1867 632 1926 ab
654 1868 717 1948 ipsa
730 1875 844 1930 Venere
866 1882 995 1949 compta,
1017 1868 1147 1928 omnium
1169 1871 1313 1928 malorum

285 1960 386 2020 oblita.
399 1965 487 2020 Sacra
503 1961 591 2032 fiunt,
608 1960 639 2018 in
652 1959 774 2039 quibus,
786 1981 961 2042 quamquam
976 1982 1068 2042 augur
1081 1967 1204 2041 Mopsus
1215 1962 1312 2022 omina

283 2073 341 2114 non
359 2052 516 2112 admodum
536 2053 599 2112 11111
619 2052 839 2130 deprehendere
855 2052 912 2112 sibi
928 2053 1077 2125 videatur,
1104 2054 1198 2132 epuiae
1218 2065 1313 2112 tamen

284 2147 370 2210 lautae
383 2158 585 2225 apponuntur,
603 2144 709 2206 hilares
721 2164 840 2220 omncs,
856 2145 885 2204 in
898 2165 1024 2226 qnorum
1036 2144 1132 2204 medio
1149 2164 1273 2222 sponsus
1284 2159 1314 2204 et

283 2257 403 2318 sponsa,
425 2235 569 2298 substrato
584 2237 692 2296 vellere
708 2257 815 2309 aureo,
838 2238 993 2316 gramineis
1016 2239 1087 2298 toris
1111 2236 1313 2310 discumbunt,

284 2329 426 2403 217-258.
441 2333 500 2388 Has
514 2330 590 2407 ipsas
604 2329 717 2389 laetitias
731 2330 832 2390 turbat
845 2349 903 2388 non
920 2331 1058 2390 invitatus
1074 2330 1198 2388 conviva
1209 2328 1315 2408 Absyr-

283 2435 345 2494 tus,
364 2419 476 2494 Mcdeae
493 2420 599 2492 fratem
619 2421 670 2502 qui
685 2421 790 2482 acerbe
810 2421 877 2482 satis
894 2435 924 2480 et
941 2421 1086 2499 jactanter
1104 2419 1314 2481 1101111εο11011

282 2513 350 2572 huic
366 2513 460 2572 solum
475 2513 636 2585 connubio,
650 2514 701 2574 sed
719 2515 755 2574 ad
771 2515 888 2576 Graeciae
905 2514 981 2574 adeo
996 2514 1084 2576 urbes
1098 2513 1312 2578 comburendas

283 2605 389 2663 allerre
405 2606 547 2678 minatur,
568 2608 773 2688 auriculasque
791 2628 873 2682 suas,
888 2628 960 2688 quas
974 2611 1079 2691 multas
1095 2628 1193 2668 secum
1209 2607 1312 2678 habet,

282 2699 410 2760 Danubii
430 2701 511 2760 ostiis
532 2701 767 2782 appropinquare
788 2700 887 2780 jubet,
910 2702 1053 2780 259-305.
1076 2705 1254 2780 Argonautae
1276 2700 1312 2759 ad

283 2791 362 2868 haec,
379 2793 466 2854 armis
486 2793 637 2856 confestim
653 2795 762 2874 raptis,
789 2795 884 2874 parati
902 2793 939 2854 ad
956 2805 1103 2852 certamen
1117 2793 1148 2852 in
1163 2793 1247 2852 litore
1261 2791 1313 2852 ad-

170 2929 172 2933 .
282 2896 375 2956 stant3
398 2883 503 2944 Medea
516 2900 626 2958 autern,
639 2889 713 2946 mori
728 2901 820 2960 certa,
837 2885 919 2947 abdit
930 2907 960 2946 10
976 2900 1075 2957 antro,
1095 2887 1125 2944 in
1141 2906 1200 2966 quo
1214 2886 1312 2964 epulas

283 2976 371 3036 modo
383 2979 527 3061 nuptiales
538 2979 745 3052 celebraverat,
758 2980 894 3064 301317..
906 2984 970 3037 lam
985 2998 1056 3036 vero
1071 2979 1134 3057 ipsa
1147 2985 1240 3046 luno,
1249 2998 1312 3056 quae

282 3072 418 3130 iasonem
440 3091 524 3132 suum
547 3085 633 3130 tantae
656 3071 805 3130 hostilium
827 3070 945 3128 navium
970 3070 1150 3130 multitudini
1173 3070 1312 3150 imparem

285 3163 348 3222 lore
371 3163 466 3238 videt,
488 3164 617 3242 Olympo
639 3161 807 3235 descendit,
828 3161 929 3220 AEoliis
954 3163 1044 3222 anuis
1067 3177 1170 3224 ventos
1194 3163 1313 3230 emittit,

283 3255 538 3336 gravissimamque
553 3255 660 3314 excitat
675 3265 893 3332 tempestatem,
913 3254 1056 3330 trs-327.
1075 3255 1154 3316 Nihil
1169 3254 1224 3314 bac
1240 3267 1311 3312 tem-

283 3359 394 3423 pestate
409 3359 516 3418 motus,
536 3347 583 3405 cui
598 3359 683 3404 antea
697 3345 871 3424 desponsata
883 3345 988 3405 Medea
1000 3348 1110 3418 fuerat,
1124 3347 1232 3419 Stirus,
1243 3365 1313 3424 per-

198 3433 199 3438 ’
285 3437 458 3496 tinacissime
472 3437 523 3496 diu
537 3435 719 3507 obluctatus,
738 3436 899 3496 decumano
915 3437 1032 3496 tandem
1047 3439 1137 3496 fluctu
1150 3439 1180 3496 in
1194 3439 1264 3518 ptos
1301 3471 1313 3480 -

284 3527 354 3586 dunt
371 3530 526 3608 mergitur,
543 3528 682 3587 sessos.
703 3534 768 3604 Qua
782 3529 865 3590 clade
879 3543 998 3608 accepta
1012 3527 1173 3606 Absyrtus,
1195 3530 1224 3586 vi
1236 3527 1310 3586 nihii

284 3623 390 3702 profici·
400 3643 484 3702 posse
499 3622 692 3702 perspiciens,
712 3621 864 3682 obsidione
880 3629 1062 3702 Argonautas
1077 3620 1192 3698 cingere
1205 3621 1314 3680 consti—

284 3713 352 3785 tuit,
369 3715 513 3790 369-384.
533 3718 681 3788 Quantum
696 3713 751 3773 sibi
766 3715 834 3774 inde
851 3712 1013 3793 periculum
1033 3713 1197 3784 immineat,
1220 3712 1313 3792 probe

283 3804 498 3865 considerantes
519 3810 694 3886 Argonautae
719 3820 825 3886 urgent
847 3812 1002 3874 iasonem,
1028 3818 1060 3864 ut
1081 3806 1188 3865 vellere
1216 3805 1313 3866 ablato

283 3903 436 3960 contentus
453 3899 589 3958 Medeam
607 3899 684 3977 patri
706 3900 841 3960 remittat.
860 3903 963 3974 lason,
977 3897 1107 3976 impense
1128 3917 1226 3956 amans
1246 3903 1313 3958 Me-

284 3991 368 4050 deam
384 3991 510 4072 fideique
528 3991 603 4052 datae
621 4011 746 4064 memor,
766 3993 850 4052 sociis
870 4004 964 4052 tamen
981 3989 1084 4053 cedere
1100 3990 1223 4068 cogitur,
1241 3991 1314 4048 385-

286 4095 352 4160 107.
365 4085 452 4148 ilaud
473 4086 522 4146 diu
545 4087 617 4146 fallit
633 4087 784 4146 consilium
800 4100 916 4166 captum
931 4083 1074 4146 Medeam.
1090 4086 1217 4148 seorsim
1230 4103 1312 4144 cotn-
