3022 4678
426 383 817 448 ARGONAUTICON
850 383 934 448 LIB.
961 383 1041 448 Vli.
1203 385 1261 450 133

241 513 303 577 Per
318 527 363 594 te,
389 533 460 600 quse
478 515 602 602 superis
620 512 766 601 divisque
784 514 949 602 potentior
966 517 1055 596 imis,

241 627 366 714 Perque
383 627 467 709 hsec,
484 629 590 718 virgo,
609 645 666 692 tuo
682 627 850 694 redeuntia
866 629 970 695 sidem
986 647 1087 712 nutu,

240 743 346 829 Atque
361 765 419 830 per
432 742 488 806 hes
506 744 607 806 nostri
621 743 697 826 juro
713 742 906 808 discriminis
924 745 1039 809 horas:
1225 765 1262 802 tw

242 856 393 943 Unquam
408 877 468 945 ego
485 857 512 920 si
527 856 632 921 meriti
648 857 708 920 sim
722 860 827 922 noctis
839 875 872 924 et
886 861 1059 926 immemor
1072 861 1188 942 hujus,

240 967 273 1031 Si
287 983 318 1032 te
332 983 473 1056 seeptro,
490 966 644 1050 domum,
658 972 685 1036 si
702 988 734 1036 te
748 973 877 1060 liquisse
894 992 1041 1063 parentes

163 1105 165 1110 ·
236 1083 396 1162 Senseris,
413 1099 446 1146 et
461 1105 531 1148 mea
552 1100 621 1148 tum
643 1107 709 1149 non
729 1087 798 1151 haec
816 1089 972 1175 proruisse
985 1088 1165 1169 videntem3

239 1198 323 1261 Tum
338 1219 471 1261 menon
490 1213 600 1262 tauros
613 1199 704 1278 juvet
720 1203 873 1282 evasisse,
890 1203 1040 1289 ferosque

241 1311 457 1401 Terrigenas3
475 1329 543 1376 tum
560 1333 611 1376 rue
629 1314 719 1378 tectis
740 1331 793 1378 tua
811 1315 920 1378 turbet
939 1317 972 1378 in
991 1317 1067 1402 ipsis
1223 1337 1260 1374 ns
1297 1309 1301 1316 '

241 1427 400 1506 Flamma,
424 1442 552 1514 tuteque
573 1445 676 1508 artes3
700 1429 808 1494 nulius
828 1451 1017 1494 succurrere
1038 1447 1150 1494 eontra

240 1541 369 1630 Ingrato
384 1557 500 1629 quest3
521 1557 553 1605 et
571 1543 596 1605 si
615 1540 694 1629 quid
712 1559 748 1607 tu
766 1545 897 1625 sterius,
914 1545 991 1631 ipsis

239 1653 396 1734 Adicias,
418 1677 533 1744 meque
552 1657 585 1719 in
602 1655 709 1720 medio
725 1673 847 1722 terrore
865 1659 1025 1746 relinquas
1037 1691 1059 1720 ι.

146 1827 149 1842 ,
238 1770 363 1847 Audiit,
381 1787 478 1858 etque
497 1771 594 1834 simui
615 1772 735 1834 meritis
756 1773 893 1859 perjuria
917 1775 1018 1862 poenis

239 1884 425 1973 Despondet
440 1901 574 1974 questus
595 1909 722 1974 semper
742 1887 848 1952 Furor
865 1889 953 1952 uitus
972 1891 1116 1954 amantis.
1220 1912 1259 1948 ειη

283 1999 359 2062 Haee
381 1998 437 2062 ubi
457 1998 559 2080 dicta,
585 2016 693 2064 temen
713 2017 856 2088 perstant
880 2001 1003 2068 defixus
1025 2021 1177 2092 uterque,

225 2211 279 2258 5⁰⁰.
290 2211 433 2258 Marsis
443 2225 502 2258 om.
516 2213 591 2260 Vstic.
608 2214 661 2260 eod.
676 2225 720 2261 ets
730 2217 806 2278 prims
817 2233 888 2264 mnu
899 2217 957 2264 Bon.
966 2219 1019 2265 cod.
1031 2245 1061 2256 -
1072 2220 1125 2268 501.
1139 2223 1165 2267 ss·
1175 2221 1259 2267 meritr's

197 2289 272 2335 osefis
282 2290 401 2336 insieme
410 2289 485 2354 hujus.
495 2291 569 2338 vatic.
583 2293 636 2339 eod.
654 2295 703 2340 Sim
718 2297 801 2341 meriu's
812 2299 928 2360 noctisque
939 2299 1056 2344 immemor
1068 2299 1090 2345 Ιι.
1101 2302 1190 2346 Boron.
1202 2301 1255 2346 cod.

194 2371 242 2416 Sim
258 2370 345 2416 meritis
360 2372 478 2434 natisque
493 2387 534 2417 nec
548 2374 586 2419 iss.
602 2373 624 2418 h.
642 2375 733 2420 Boron.
752 2376 761 2421 Ι
777 2385 801 2422 et
816 2378 845 2423 ii.
858 2379 906 2425 Sim
921 2381 994 2425 meriti
1011 2381 1129 2442 meusque
1143 2383 1164 2426 ιε’
1178 2381 1252 2426 2¹1an

194 2451 258 2496 Juut.
269 2451 354 2496 Muer.
364 2450 391 2496 Si
397 2451 470 2496 musi
480 2454 595 2515 noctique
603 2453 645 2498 sim
655 2454 695 2498 im.
704 2453 726 2500 5.
738 2455 789 2502 ele.
800 2459 848 2502 Sim
857 2457 930 2502 meriti
939 2459 1011 2503 noctis
1019 2459 1063 2522 riq.
1075 2460 1113 2504 im.
1122 2457 1144 2503 Is.
1155 2459 1255 2520 Eugent.

193 2553 225 2564 —
240 2529 293 2578 503.
309 2528 424 2576 Promr'ess
434 2539 553 2578 sussum.
565 2533 654 2578 Bonum
666 2533 718 2580 coci.
731 2534 856 2581 ridentem.
870 2539 913 2582 Pro
923 2537 985 2583 veris
996 2537 1049 2586 ieet.
1059 2563 1089 2574 -
1100 2539 1146 2586 505
1157 2548 1180 2585 et
1189 2554 1254 2600 seqq.

196 2611 251 2654 Tem
264 2623 303 2654 ms
318 2610 387 2654 textis
405 2618 443 2654 tua
458 2619 474 2656 r.
491 2611 516 2656 irs
535 2612 592 2672 ipsis
606 2614 645 2658 rra
668 2623 690 2657 st
706 2613 739 2658 sd
756 2630 825 2660 roevos
839 2619 920 2662 merim
935 2626 983 2662 essm
997 2619 1103 2680 protinus
1126 2619 1189 2680 ἔμω
1205 2620 1255 2665 Ad·

187 2685 277 2746 jiciss,
290 2695 335 2734 ete.
347 2687 437 2734 Boron
449 2685 501 2734 cod.
515 2688 557 2736 En.

230 2889 288 2954 498.
294 2893 341 2938 Per
349 2903 379 2948 te,
387 2894 538 2958 quoesuperis
547 2893 655 2958 divisque
657 2911 701 2959 po-
745 2901 769 2941 et
787 2889 912 2961 patriam,
929 2903 954 2942 et
967 2904 1086 2960 parentes
1101 2891 1254 2963 reliqueris,

194 2969 361 3036 testiorimr's(
366 2965 509 3022 admodum
519 2967 700 3036 eduletoriei)
745 2967 824 3021 iidem
848 2967 939 3020 fellere
959 2966 1066 3034 rideas,
1083 2985 1133 3020 cerm
1149 2990 1187 3021 me
1203 2990 1252 3022 non

189 3063 283 3114 pso-que
295 3049 362 3106 kere,
379 3051 449 3115 uirgo
463 3049 474 3114 (
483 3047 534 3101 hoc
552 3049 640 3121 recepi
654 3067 702 3120 pro
747 3064 830 3098 tauros
845 3051 914 3115 juvet
932 3049 1046 3106 evasura,
1063 3061 1113 3098 tum
1131 3067 1169 3098 me
1187 3051 1255 3099 tectu

193 3125 375 3197 vulgetoergo,
383 3139 516 3198 preeunte
525 3128 701 3193 Bononiensi,
747 3143 790 3179 tua
802 3131 880 3178 turbet
893 3129 918 3176 irs
929 3129 985 3193 ipsis
990 3128 1098 3196 stemma
1106 3147 1116 3184 ,·
1125 3125 1254 3198 respicere

193 3203 316 3270 Heinsio,
326 3217 352 3258 et
362 3205 485 3277 Capeno,
496 3207 573 3260 Obss.
585 3227 610 3280 p.
623 3209 701 3276 283),
745 3205 790 3260 hic
810 3215 914 3278 poetsm
936 3203 970 3256 sd
991 3203 1158 3268 incendium,
1180 3203 1252 3276 quod

193 3298 235 3336 suo
249 3285 548 3352 autumantibus,
564 3298 593 3339 ut
606 3287 700 3340 iterum
744 3283 839 3339 Medea
855 3296 943 3357 postes
963 3286 1090 3356 temporis
1104 3283 1208 3338 Creusa
1226 3296 1252 3338 et

191 3362 386 3434 conspicientur
400 3365 481 3433 (coni.
496 3383 520 3417 v.
533 3369 606 3434 456),
619 3369 701 3417 sidera
745 3364 864 3419 Creontis
876 3363 968 3418 domui
982 3362 1107 3428 immisit,
1121 3375 1192 3418 reete
1205 3363 1252 3416 ob-

191 3457 260 3502 sum,
270 3447 349 3510 Atque
351 3463 399 3511 per
408 3446 453 3495 itas
465 3447 606 3512 nostrijuro
616 3447 701 3496 discri-
745 3457 829 3498 servat
838 3445 1015 3497 Burmannus.

191 3522 262 3572 minis
272 3523 360 3582 horas,
375 3523 472 3594 quibus
488 3542 571 3597 quum
588 3524 700 3575 maxime
781 3525 840 3594 509.
859 3527 958 3584 Audiit,
977 3537 1052 3591 atque
1068 3525 1142 3574 simul
1161 3525 1252 3574 meritis

192 3599 307 3669 pericula
320 3601 386 3654 mihi
400 3601 497 3656 instare
510 3602 596 3657 video.
610 3602 698 3674 Cupe-
741 3607 851 3671 perjurae
863 3606 942 3671 punis
960 3605 1103 3668 despondet,
1116 3619 1207 3674 poenns
1223 3600 1251 3654 in

191 3697 237 3732 rus
245 3679 263 3733 1.
272 3680 291 3734 Ι.
302 3699 332 3734 ex
341 3679 486 3736 Schoiieste
499 3683 631 3756 Apollonii
642 3682 697 3747 ‚11,
743 3695 903 3736 antecessum
917 3680 1022 3734 meritus
1035 3680 1157 3752 perjuriis
1171 3678 1251 3732 desti·

193 3757 254 3828 257,
274 3762 497 3828 monet,Veteres
515 3763 629 3835 primum
652 3781 698 3834 per
742 3772 803 3827 nst,
824 3759 1036 3831 inflicturumque
1059 3777 1087 3811 se
1106 3759 1252 3812 certissime

191 3837 269 3904 deos,
289 3838 384 3895 deinde
407 3861 454 3913 per
478 3841 625 3896 infortunia
651 3859 696 3894 sus
742 3839 854 3914 spondet
866 3845 951 3900 Furor,
970 3854 1064 3906 questus
1081 3857 1175 3906 semper
1187 3842 1251 3888 uleus

188 3919 299 3987 jurasse.
743 3923 864 3980 muris,
877 3919 922 3990 qui
935 3929 1041 3989 questus
1056 3917 1202 3970 ementium
1213 3916 1250 3969 de

227 3995 285 4052 ⁵01.
309 4001 335 4049 Si
356 4019 401 4068 ego
424 4021 531 4069 uuquam
554 4001 595 4054 rei
621 4003 700 4052 moriri
743 3997 864 4071 perjuriis
886 4017 989 4068 semper
1011 3995 1101 4062 nudit,
1122 3995 1249 4068 perfidos-

190 4075 247 4138 tui‚
264 4077 396 4130 relucetis
413 4081 483 4148 hujus
502 4084 625 4132 immemor
638 4083 693 4140 sim,
741 4097 793 4151 que
808 4077 890 4149 ponis
901 4077 1071 4148 persequitur.

191 4167 353 4228 tuque‚quae
364 4159 415 4211 mei
426 4160 696 4222 amoreetthronum‚
778 4157 902 4210 ὄπι-538.
931 4155 1023 4208 Medea
1049 4173 1147 4225 quum,
1168 4169 1248 4224 quem
