2994 4702
238 353 302 442 304
525 381 529 393 '
676 361 867 431 ORPHEl

282 499 492 585 Heroumque
509 499 648 574 animas,
673 516 836 587 quotquot
856 523 914 588 per
931 497 1051 564 flumen
1071 501 1233 566 oberrant.

323 612 403 677 Inde
420 613 486 678 suis
504 613 629 693 jubete
646 615 792 679 thalamis
807 613 960 681 accedere
977 632 1081 697 natas,
1263 633 1302 684 7⁸⁵

282 728 509 816 Chalciopem,
526 745 559 792 et
577 747 669 794 natos
681 731 812 820 Phryxo
827 733 892 812 jam
908 731 1048 822 conjuge
1065 730 1236 820 adempto,

280 841 321 904 Et
335 857 478 905 teneram
493 841 596 906 forma
610 845 785 934 insignem,
802 847 977 934 vultusque
993 845 1114 910 rubore

278 954 446 1038 Medeam,
462 973 499 1020 ut
511 979 610 1022 curru
630 963 729 1022 vectae
743 959 942 1022 comitentur
954 975 1097 1024 euntem.

278 1069 309 1134 N
310 1093 362 1133 am
377 1069 482 1134 media
496 1070 655 1159 Absyrtus
671 1073 786 1160 procul
802 1072 880 1136 hinc
896 1072 1060 1137 habitabat
1075 1075 1108 1136 in
1125 1073 1217 1137 urbe.

278 1191 406 1251 Aureus
422 1211 488 1251 una
499 1188 608 1276 ipsum
622 1211 736 1252 currus
753 1205 908 1276 natasque
922 1189 1044 1254 ferebat
1265 1218 1304 1259 7⁹0

281 1299 429 1384 AEetem3
444 1299 498 1390 hic
515 1300 627 1389 rapido
640 1325 738 1366 cursu
752 1302 900 1367 sublimis
919 1325 1079 1391 equorum

276 1417 392 1486 Fertur
407 1414 579 1480 arundinei
601 1417 710 1480 fauces
733 1416 774 1480 ad
790 1415 933 1482 fluminis
947 1441 957 1499 ;
973 1416 1038 1481 illic

274 1529 372 1594 Ferre
389 1554 500 1622 preces
517 1533 626 1622 patriis
644 1532 741 1602 undis
760 1551 792 1597 et
809 1556 898 1598 saera
916 1532 1073 1597 solebant.

320 1646 385 1709 Has
400 1662 509 1710 autem
530 1644 570 1709 ad
585 1647 671 1735 ripas
685 1669 784 1726 cursu
799 1663 988 1735 pervenerat
999 1649 1096 1735 Argo.

274 1758 366 1823 Hanc
383 1781 460 1849 ergo
474 1759 584 1826 AEetes
601 1762 788 1850 conspexit,
810 1778 843 1826 et
857 1761 972 1826 ordine
982 1762 1106 1826 multos
1264 1784 1302 1835 ⁷⁹⁵

275 1873 397 1967 Heroas
413 1897 479 1939 una
494 1875 528 1938 in
544 1873 657 1939 mediis
672 1873 841 1940 considere
858 1878 1020 1958 transtris,

273 1986 331 2052 Dis
349 1989 489 2053 similes:
507 2012 582 2053 nam
596 2005 729 2078 pectora
747 2007 839 2054 erant
851 2013 910 2055 sua
926 1989 1093 2079 splendida
1112 1989 1239 2077 cuique.

272 2102 395 2167 Verum
412 2103 498 2168 inter
513 2119 649 2168 cunctos
662 2121 817 2192 praestans
829 2105 954 2170 excellit
970 2107 1066 2170 lason
1081 2129 1088 2168 :

272 2219 358 2284 Huic
366 2219 496 2297 etenim
512 2220 599 2283 Juno
616 2219 763 2286 divinum
782 2219 904 2285 afflarat
925 2221 1105 2302 honorem,

273 2335 314 2398 Et
332 2333 465 2398 dederat
482 2335 637 2417 formam,
654 2351 686 2399 et
698 2358 833 2424 procero
852 2337 885 2402 in
904 2357 1040 2424 corpore
1058 2336 1170 2402 robur.
1260 2357 1302 2395 ³00

275 2449 388 2531 Quum
402 2449 540 2537 propius
557 2465 693 2531 starent,
711 2453 897 2538 alternaque
914 2451 1035 2515 lumina
1052 2451 1175 2532 ferrent

222 2547 224 2552 ⁵
272 2563 383 2628 AEetes
399 2563 604 2653 Minyaeque,
627 2583 755 2654 gratem
773 2566 847 2629 tulit
863 2565 910 2628 ira
928 2564 1085 2630 dolorem.

109 2692 112 2702 ’
176 2685 178 2688 ’
273 2681 318 2744 At
338 2679 427 2768 prius
439 2679 550 2744 AEetes
567 2678 769 2770 splendenti,
787 2681 929 2745 Phoebus
946 2697 983 2746 ut
998 2682 1087 2762 alter,

270 2793 298 2857 E
315 2816 415 2858 curru
431 2810 544 2858 aurato
560 2794 659 2884 longe
676 2792 820 2859 radiabat
835 2796 971 2876 amictu3
1257 2875 1260 2886 ,

271 2909 363 2974 Serta
377 2924 476 2997 caput
492 2908 615 2974 circum
634 2907 730 2973 radiis
747 2909 936 2976 ardentibus
954 2909 997 2973 illi
1257 2932 1296 2972 sot

273 3009 466 3106 Ambibant,
487 3041 719 3114 sceptrumque
738 3049 837 3090 manu
856 3026 1022 3114 quatiente
1038 3025 1189 3090 movebat

217 3123 222 3135 ⁸
269 3141 340 3204 Ceu
354 3139 482 3228 fulgur3
501 3139 703 3228 geminaeque
719 3140 802 3204 latus
818 3141 947 3205 cinxere
960 3140 1072 3229 puellae

269 3255 477 3335 Proelustres3
499 3253 660 3342 gaudebat
674 3255 761 3318 enim
776 3255 1007 3320 comitantibus
1020 3255 1089 3320 illis.

267 3370 433 3434 Terribilis
447 3391 542 3450 vero,
560 3385 592 3432 et
610 3385 702 3432 torvo
716 3392 850 3458 quoque
860 3369 983 3434 lumine
995 3386 1161 3458 spectans,
1257 3414 1262 3425 ,

266 3483 418 3549 Crudeles
439 3485 596 3550 clamante
612 3483 716 3546 minas
735 3485 875 3548 excussit
892 3485 933 3549 ab
950 3507 1006 3548 ore
1023 3507 1030 3547 :
1255 3499 1294 3536 διο

310 3629 323 3654 «ι
338 3599 441 3663 Dioite
458 3589 592 3686 quinam
604 3599 695 3679 estis,
707 3598 758 3662 vel
769 3620 841 3687 quae
855 3622 912 3664 vos
925 3597 1018 3663 duxit
1032 3597 1173 3689 egestas?

271 3711 367 3776 Unde
383 3714 480 3776 etiam
497 3735 600 3777 causae
615 3713 750 3777 fuerunt
765 3737 836 3778 mea
854 3737 952 3804 regna
966 3712 1123 3803 petendi?

267 3831 350 3894 Nam
368 3851 476 3916 neque
491 3827 564 3906 jura
581 3828 645 3893 mei
664 3829 771 3916 regni,
787 3852 848 3892 nec
866 3845 991 3917 sceptra
1010 3829 1128 3893 timetis

265 3946 484 4024 Colchorum,
505 3961 561 4008 aut
582 3943 692 4008 studio
713 3941 876 4034 flagrantia
897 3961 1027 4032 pectora
1046 3945 1165 4023 nostri,

264 4063 329 4144 Qui
348 4075 456 4126 marte
469 4059 639 4141 indomiti,
662 4061 789 4146 quoties
810 4059 849 4124 ad
874 4059 956 4122 bella
976 4076 1148 4142 vocantur,¹
1259 4083 1297 4121 ns
