3006 4676
575 363 940 430 laconicum.
1233 361 1294 450 293

268 496 451 561 Centaurus
468 512 576 586 stupet
590 498 766 586 aspiciens,
784 497 966 583 lericnsquc
986 509 1161 558 trementes
1257 511 1296 555 us

272 609 311 672 ln
331 633 401 675 sese
419 610 489 700 ipse
508 634 622 676 manus
642 627 760 676 terram
775 610 859 700 pede
876 612 981 699 pulsat
1000 609 1132 698 equino.

313 724 377 788 Sed
396 727 485 790 venit
502 750 521 790 a
538 727 642 814 puppi
658 725 798 814 Tiphys,
817 725 1010 814 Minyasque
1034 739 1168 815 repente

269 839 410 928 Imperio
428 841 535 931 cogit,
558 857 671 908 cantus
688 865 749 932 ego
767 839 884 905 deinde
900 841 1019 905 remisi.

270 957 480 1046 Consurgunt
497 979 666 1046 proceres,
683 979 741 1022 sua
757 957 904 1046 quisquis
921 973 954 1020 et
971 954 1078 1020 induit
1094 979 1191 1020 arma.

278 1066 341 1132 Sed
357 1086 468 1138 natum
485 1071 600 1138 Peleus
615 1072 726 1161 patriis
744 1072 933 1160 complexus
949 1071 981 1134 in
999 1061 1084 1135 uliris
1238 1083 1242 1094 ’
1263 1089 1302 1132 uo

273 1300 389 1367 Arrisit
408 1300 608 1388 lacrymans3
625 1299 769 1390 gaudens
785 1300 910 1388 excepit
925 1299 1072 1363 Achilles.

272 1419 344 1505 lpse
362 1415 427 1478 suis
441 1416 556 1503 pellem
575 1415 726 1479 manibus
745 1417 928 1480 Centaurus
949 1415 1115 1478 honorans

168 1522 198 1598 2¹*
272 1531 407 1619 Hospita
422 1528 509 1594 dona
530 1528 623 1594 dedit
638 1528 729 1618 pardi
746 1529 827 1594 mihi
844 1551 964 1594 muniis
982 1529 1110 1594 habere.

269 1648 329 1711 Ast
346 1643 403 1709 ubi
424 1645 576 1734 spelunca
593 1643 799 1708 discessimus
819 1642 895 1708 inde
912 1643 1040 1726 relicta,

272 1757 426 1824 Extendit
444 1758 553 1822 senior
572 1759 692 1822 tumuli
711 1756 752 1824 de
770 1758 889 1822 vertice
910 1774 1063 1847 utrasque
1264 1775 1304 1820 ao

273 1872 466 1963 Phyllirides
489 1874 522 1936 in
541 1889 616 1938 vota
637 1895 773 1953 manus,
796 1895 998 1962 superosque
1019 1889 1169 1962 precatur

278 1991 364 2053 Dent
389 1987 530 2054 reditum
552 1988 693 2078 Minyis5
715 1987 823 2052 veniat
839 2010 972 2076 quoque
988 1989 1119 2078 regibus
1136 2004 1207 2052 orat

277 2103 387 2168 Gloria
405 2103 619 2192 magnanimis
640 2101 748 2167 tardos
764 2102 871 2166 visura
892 2119 1035 2190 nepotes.

318 2217 404 2306 Ergo
417 2217 473 2281 uhi
487 2217 552 2298 jam
567 2216 609 2280 ad
626 2239 740 2281 navem
755 2233 787 2281 et
803 2218 878 2281 litus
893 2217 1121 2282 descendimus
1135 2241 1265 2294 omncs,

275 2330 458 2397 Consedere
474 2330 541 2395 suis
558 2331 592 2394 in
610 2331 755 2395 transtris
771 2332 928 2420 quisque,
947 2355 1127 2423 manusque
1263 2352 1303 2394 aso

275 2446 426 2535 Impliciti
443 2445 555 2510 validis
571 2446 745 2534 pulsabant
762 2469 890 2534 aequora
908 2449 1018 2514 remis.

276 2560 386 2625 Pelion
406 2584 446 2624 ex
465 2561 566 2624 oculis
582 2559 665 2641 abit,
692 2578 725 2623 et
741 2561 790 2623 vis
809 2537 943 2650 spumea
960 2580 1050 2628 vasto

277 2676 447 2740 Exsultans
462 2675 577 2766 pelago
600 2691 750 2738 canentes
767 2674 886 2740 fecerat
902 2676 1016 2742 undas.
1046 2747 1049 2756 ,

276 2791 397 2856 Pisaeus
411 2790 508 2870 latet,
531 2806 564 2855 et
580 2806 653 2870 tua,
669 2789 782 2876 Sepia,
799 2789 907 2871 litora,
923 2808 1043 2857 vertex.

279 2907 363 2969 Ante
378 2905 492 2969 oculos
503 2903 649 2968 Sciathos
660 2901 812 2983 veniunt,
826 2901 1026 2992 Dolopisque
1038 2909 1233 2994 sepulcrum,
1267 2932 1304 2975 us

278 3021 375 3085 Plana
390 3041 523 3109 quoque
539 3017 731 3097 Anchialos,
748 3033 780 3080 et
796 3017 888 3104 aquis
907 3021 1073 3106 praesalsus
1086 3022 1247 3106 Enaulus,

279 3135 345 3220 Qui
361 3133 475 3222 rapido
491 3132 585 3197 rastis
602 3131 772 3219 strepitum
790 3130 844 3195 dat
858 3130 993 3196 flumine
1009 3135 1112 3200 terris.

278 3250 481 3314 Praetereunt
496 3247 591 3311 valles
607 3246 727 3333 Minya
744 3268 878 3334 quoque
894 3249 1014 3312 montis
1033 3250 1163 3339 Olympi

284 3363 409 3426 Excelsi
427 3361 611 3441 obstrusas,
628 3375 660 3422 et
675 3359 784 3422 Athon
804 3383 880 3424 curn
895 3359 1067 3424 frondibus
1081 3362 1167 3445 altis,

282 3477 433 3542 Pellenen
451 3477 566 3557 htam,
585 3495 714 3538 necnon
732 3473 817 3538 diam
833 3475 1074 3539 Samothracen.
1268 3501 1303 3541 isc

281 3593 366 3657 Hinc
382 3614 516 3681 quoque
532 3592 659 3656 mortali
680 3593 760 3655 nulli
776 3589 912 3664 dicenda
929 3590 1065 3655 deorum

282 3709 377 3770 Sacra
402 3707 481 3770 meis
502 3705 617 3768 moniti
636 3705 840 3768 sermonibus
857 3704 988 3768 horrida
1009 3706 1110 3768 vitant

284 3822 426 3901 Heraea,
444 3819 531 3882 illinc
550 3841 690 3907 namque
708 3818 886 3882 insatiabile
904 3820 1029 3881 lucrum

285 3937 394 4003 lncola
410 3934 451 3998 de
469 3935 575 3998 nautis
592 3957 758 3998 sacrorum
774 3933 914 3997 vindicat
932 3959 1003 3997 usu.

286 4049 367 4115 Inde
384 4049 425 4114 ad
441 4051 639 4140 compositos
659 4051 768 4117 vultus
786 4049 976 4138 appellimus
996 4051 1080 4139 Argo
1272 4072 1311 4114 sss
