<?xml version="1.0" encoding="UTF-8"?>
<!DOCTYPE html PUBLIC "-//W3C//DTD XHTML 1.0 Transitional//EN"
    "http://www.w3.org/TR/xhtml1/DTD/xhtml1-transitional.dtd">
<html xmlns="http://www.w3.org/1999/xhtml" xml:lang="en" lang="en">
 <head>
  <title>
</title>
<meta http-equiv="Content-Type" content="text/html;charset=utf-8" />
  <meta name='ocr-system' content='tesseract 3.04.00' />
  <meta name='ocr-capabilities' content='ocr_page ocr_carea ocr_par ocr_line ocrx_word'/>
</head>
<body>
  <div class='ocr_page' id='page_1' title='image "./cvaleriiflaccis02apolgoog_0029.png"; bbox 0 0 3002 4680; ppageno 0'>
   <div class='ocr_carea' id='block_1_1' title="bbox 435 391 1252 494">
    <p class='ocr_par' dir='ltr' id='par_1_1' title="bbox 435 391 1252 494">
     <span class='ocr_line' id='line_1_1' title="bbox 435 391 1252 494; baseline 0.01 -38"><span class='ocrx_word' id='word_1_1' title='bbox 435 391 818 458; x_wconf 77' lang='lat' dir='ltr'><strong>ARGONAUTICON</strong></span> <span class='ocrx_word' id='word_1_2' title='bbox 846 393 931 456; x_wconf 91' lang='lat' dir='ltr'>LIB.</span> <span class='ocrx_word' id='word_1_3' title='bbox 954 393 1015 458; x_wconf 91' lang='lat' dir='ltr'><strong>v1.</strong></span> <span class='ocrx_word' id='word_1_4' title='bbox 1216 419 1252 494; x_wconf 61' lang='grc' dir='ltr'><strong>αξ</strong></span> 
     </span>
    </p>
   </div>
   <div class='ocr_carea' id='block_1_2' title="bbox 215 523 1143 730">
    <p class='ocr_par' dir='ltr' id='par_1_2' title="bbox 215 523 1143 730">
     <span class='ocr_line' id='line_1_2' title="bbox 215 523 1143 615; baseline 0.002 -25"><span class='ocrx_word' id='word_1_5' title='bbox 215 545 218 566; x_wconf 75' lang='lat'><strong>¹</strong></span> <span class='ocrx_word' id='word_1_6' title='bbox 232 531 276 590; x_wconf 80' lang='lat' dir='ltr'><strong>At</strong></span> <span class='ocrx_word' id='word_1_7' title='bbox 288 527 370 590; x_wconf 81' lang='lat' dir='ltr'><strong>circa</strong></span> <span class='ocrx_word' id='word_1_8' title='bbox 384 523 563 591; x_wconf 82' lang='lat' dir='ltr'><strong>AEsoniden</strong></span> <span class='ocrx_word' id='word_1_9' title='bbox 578 528 727 591; x_wconf 81' lang='lat' dir='ltr'><strong>Danaum</strong></span> <span class='ocrx_word' id='word_1_10' title='bbox 741 549 878 608; x_wconf 80' lang='lat' dir='ltr'><strong>monus,</strong></span> <span class='ocrx_word' id='word_1_11' title='bbox 894 527 1028 615; x_wconf 85' lang='lat' dir='ltr'><strong>ipsaque</strong></span> <span class='ocrx_word' id='word_1_12' title='bbox 1042 527 1143 592; x_wconf 78' lang='lat' dir='ltr'><strong>Palles</strong></span> 
     </span>
     <span class='ocr_line' id='line_1_3' title="bbox 232 639 1090 730; baseline 0.003 -26"><span class='ocrx_word' id='word_1_13' title='bbox 232 639 350 730; x_wconf 81' lang='lat' dir='ltr'><strong>AEgide</strong></span> <span class='ocrx_word' id='word_1_14' title='bbox 366 639 521 724; x_wconf 78' lang='lat' dir='ltr'><strong>terrifice,</strong></span> <span class='ocrx_word' id='word_1_15' title='bbox 540 663 639 729; x_wconf 80' lang='lat' dir='ltr'><strong>quem</strong></span> <span class='ocrx_word' id='word_1_16' title='bbox 658 664 718 706; x_wconf 87' lang='lat' dir='ltr'><strong>nec</strong></span> <span class='ocrx_word' id='word_1_17' title='bbox 733 640 794 706; x_wconf 82' lang='lat' dir='ltr'><strong>dee</strong></span> <span class='ocrx_word' id='word_1_18' title='bbox 812 641 906 706; x_wconf 82' lang='lat' dir='ltr'><strong>lassat</strong></span> <span class='ocrx_word' id='word_1_19' title='bbox 920 641 1090 726; x_wconf 78' lang='lat' dir='ltr'><strong>habendo,</strong></span> 
     </span>
    </p>
   </div>
   <div class='ocr_carea' id='block_1_3' title="bbox 230 755 1258 1882">
    <p class='ocr_par' dir='ltr' id='par_1_3' title="bbox 230 755 1258 1534">
     <span class='ocr_line' id='line_1_4' title="bbox 231 755 1258 845; baseline 0 -25"><span class='ocrx_word' id='word_1_20' title='bbox 231 755 301 820; x_wconf 89' lang='lat' dir='ltr'><strong>Nec</strong></span> <span class='ocrx_word' id='word_1_21' title='bbox 317 770 407 843; x_wconf 79' lang='lat' dir='ltr'><strong>peter</strong></span> <span class='ocrx_word' id='word_1_22' title='bbox 421 755 609 820; x_wconf 84' lang='lat' dir='ltr'>horrentem</span> <span class='ocrx_word' id='word_1_23' title='bbox 623 755 767 822; x_wconf 85' lang='lat' dir='ltr'><strong>colubris</strong></span> <span class='ocrx_word' id='word_1_24' title='bbox 782 757 942 845; x_wconf 90' lang='lat' dir='ltr'><strong>vultuque</strong></span> <span class='ocrx_word' id='word_1_25' title='bbox 955 757 1157 823; x_wconf 76' lang='lat' dir='ltr'><strong>tremendam</strong></span> <span class='ocrx_word' id='word_1_26' title='bbox 1222 785 1258 832; x_wconf 71' lang='lat'><strong>17⁵</strong></span> 
     </span>
     <span class='ocr_line' id='line_1_5' title="bbox 232 869 1003 959; baseline 0.003 -25"><span class='ocrx_word' id='word_1_27' title='bbox 232 871 425 959; x_wconf 58' lang='lat' dir='ltr'><strong>Gorgonem</strong></span> <span class='ocrx_word' id='word_1_28' title='bbox 443 891 504 935; x_wconf 88' lang='lat' dir='ltr'><strong>nec</strong></span> <span class='ocrx_word' id='word_1_29' title='bbox 519 869 696 936; x_wconf 77' lang='lat' dir='ltr'><strong>semineces</strong></span> <span class='ocrx_word' id='word_1_30' title='bbox 712 869 883 936; x_wconf 85' lang='lat' dir='ltr'><strong>ostendere</strong></span> <span class='ocrx_word' id='word_1_31' title='bbox 898 873 1003 936; x_wconf 74' lang='lat' dir='ltr'><strong>enices</strong></span> 
     </span>
     <span class='ocr_line' id='line_1_6' title="bbox 233 984 1163 1079; baseline 0.006 -31"><span class='ocrx_word' id='word_1_32' title='bbox 233 986 376 1072; x_wconf 84' lang='lat' dir='ltr'><strong>Tempus</strong></span> <span class='ocrx_word' id='word_1_33' title='bbox 392 984 518 1068; x_wconf 82' lang='lat' dir='ltr'><strong>adhuc,</strong></span> <span class='ocrx_word' id='word_1_34' title='bbox 533 987 719 1074; x_wconf 80' lang='lat' dir='ltr'><strong>primasque</strong></span> <span class='ocrx_word' id='word_1_35' title='bbox 732 985 809 1051; x_wconf 88' lang='lat' dir='ltr'><strong>sinit</strong></span> <span class='ocrx_word' id='word_1_36' title='bbox 821 1008 1015 1052; x_wconf 83' lang='lat' dir='ltr'><strong>concurrere</strong></span> <span class='ocrx_word' id='word_1_37' title='bbox 1027 1010 1163 1079; x_wconf 79' lang='lat' dir='ltr'><strong>pugnas.</strong></span> 
     </span>
     <span class='ocr_line' id='line_1_7' title="bbox 232 1099 1059 1192; baseline 0.002 -28"><span class='ocrx_word' id='word_1_38' title='bbox 232 1100 365 1190; x_wconf 82' lang='lat' dir='ltr'><strong>Impulit</strong></span> <span class='ocrx_word' id='word_1_39' title='bbox 379 1099 441 1164; x_wconf 90' lang='lat' dir='ltr'><strong>hos</strong></span> <span class='ocrx_word' id='word_1_40' title='bbox 458 1115 572 1166; x_wconf 82' lang='lat' dir='ltr'><strong>contra</strong></span> <span class='ocrx_word' id='word_1_41' title='bbox 587 1101 717 1166; x_wconf 83' lang='lat' dir='ltr'><strong>Mavors</strong></span> <span class='ocrx_word' id='word_1_42' title='bbox 733 1115 842 1188; x_wconf 80' lang='lat' dir='ltr'><strong>pater,</strong></span> <span class='ocrx_word' id='word_1_43' title='bbox 859 1116 892 1166; x_wconf 90' lang='lat' dir='ltr'><strong>et</strong></span> <span class='ocrx_word' id='word_1_44' title='bbox 907 1101 988 1166; x_wconf 82' lang='lat' dir='ltr'><strong>mala</strong></span> <span class='ocrx_word' id='word_1_45' title='bbox 1004 1102 1059 1192; x_wconf 88' lang='lat' dir='ltr'><strong>leti</strong></span> 
     </span>
     <span class='ocr_line' id='line_1_8' title="bbox 231 1214 1070 1306; baseline 0.002 -26"><span class='ocrx_word' id='word_1_46' title='bbox 231 1214 372 1298; x_wconf 79' lang='lat' dir='ltr'><strong>Gaudia,</strong></span> <span class='ocrx_word' id='word_1_47' title='bbox 386 1214 629 1305; x_wconf 85' lang='lat' dir='ltr'><strong>Tisiphoneque</strong></span> <span class='ocrx_word' id='word_1_48' title='bbox 643 1229 741 1304; x_wconf 79' lang='lat' dir='ltr'><strong>caput</strong></span> <span class='ocrx_word' id='word_1_49' title='bbox 754 1239 812 1306; x_wconf 88' lang='lat' dir='ltr'><strong>per</strong></span> <span class='ocrx_word' id='word_1_50' title='bbox 828 1215 941 1280; x_wconf 81' lang='lat' dir='ltr'><strong>nubila</strong></span> <span class='ocrx_word' id='word_1_51' title='bbox 952 1217 1070 1282; x_wconf 89' lang='lat' dir='ltr'><strong>tollens</strong></span> 
     </span>
     <span class='ocr_line' id='line_1_9' title="bbox 231 1329 1256 1432; baseline -0.002 -38"><span class='ocrx_word' id='word_1_52' title='bbox 231 1329 280 1394; x_wconf 80' lang='lat' dir='ltr'><strong>Ad</strong></span> <span class='ocrx_word' id='word_1_53' title='bbox 296 1330 440 1396; x_wconf 86' lang='lat' dir='ltr'><strong>sonitum</strong></span> <span class='ocrx_word' id='word_1_54' title='bbox 457 1331 549 1414; x_wconf 87' lang='lat' dir='ltr'><strong>litui,</strong></span> <span class='ocrx_word' id='word_1_55' title='bbox 566 1331 739 1422; x_wconf 79' lang='lat' dir='ltr'><strong>mediaque</strong></span> <span class='ocrx_word' id='word_1_56' title='bbox 754 1331 906 1396; x_wconf 83' lang='lat' dir='ltr'><strong>altissima</strong></span> <span class='ocrx_word' id='word_1_57' title='bbox 921 1355 1048 1422; x_wconf 81' lang='lat' dir='ltr'><strong>pugna,</strong></span> <span class='ocrx_word' id='word_1_58' title='bbox 1191 1407 1198 1432; x_wconf 35' lang='lat'>¹</span> <span class='ocrx_word' id='word_1_59' title='bbox 1220 1355 1256 1392; x_wconf 70' lang='lat' dir='ltr'><strong>oo</strong></span> 
     </span>
     <span class='ocr_line' id='line_1_10' title="bbox 230 1443 1123 1534; baseline 0.004 -26"><span class='ocrx_word' id='word_1_60' title='bbox 230 1443 380 1510; x_wconf 86' lang='lat' dir='ltr'><strong>Necdum</strong></span> <span class='ocrx_word' id='word_1_61' title='bbox 392 1445 494 1524; x_wconf 77' lang='lat' dir='ltr'><strong>clem,</strong></span> <span class='ocrx_word' id='word_1_62' title='bbox 510 1446 630 1534; x_wconf 87' lang='lat' dir='ltr'><strong>quibus</strong></span> <span class='ocrx_word' id='word_1_63' title='bbox 646 1469 718 1512; x_wconf 90' lang='lat' dir='ltr'><strong>sese</strong></span> <span class='ocrx_word' id='word_1_64' title='bbox 733 1448 821 1534; x_wconf 79' lang='lat' dir='ltr'><strong>Fuga</strong></span> <span class='ocrx_word' id='word_1_65' title='bbox 836 1445 1002 1510; x_wconf 87' lang='lat' dir='ltr'><strong>mentibus</strong></span> <span class='ocrx_word' id='word_1_66' title='bbox 1017 1445 1123 1512; x_wconf 79' lang='lat' dir='ltr'><strong>addat.</strong></span> 
     </span>
    </p>

    <p class='ocr_par' dir='ltr' id='par_1_4' title="bbox 232 1559 1159 1882">
     <span class='ocr_line' id='line_1_11' title="bbox 276 1559 983 1641; baseline 0.003 -19"><span class='ocrx_word' id='word_1_67' title='bbox 276 1559 326 1622; x_wconf 88' lang='lat' dir='ltr'><strong>Illi</strong></span> <span class='ocrx_word' id='word_1_68' title='bbox 340 1559 396 1624; x_wconf 90' lang='lat' dir='ltr'><strong>ubi</strong></span> <span class='ocrx_word' id='word_1_69' title='bbox 409 1560 567 1625; x_wconf 86' lang='lat' dir='ltr'><strong>consertis</strong></span> <span class='ocrx_word' id='word_1_70' title='bbox 576 1561 714 1641; x_wconf 77' lang='lat' dir='ltr'><strong>junxere</strong></span> <span class='ocrx_word' id='word_1_71' title='bbox 726 1559 897 1630; x_wconf 77' lang='lat' dir='ltr'><strong>frementia</strong></span> <span class='ocrx_word' id='word_1_72' title='bbox 911 1560 983 1624; x_wconf 90' lang='lat' dir='ltr'><strong>telis</strong></span> 
     </span>
     <span class='ocr_line' id='line_1_12' title="bbox 232 1671 1040 1764; baseline 0.002 -26"><span class='ocrx_word' id='word_1_73' title='bbox 232 1673 386 1762; x_wconf 81' lang='lat' dir='ltr'><strong>Agmina,</strong></span> <span class='ocrx_word' id='word_1_74' title='bbox 402 1673 516 1762; x_wconf 78' lang='lat' dir='ltr'><strong>virque</strong></span> <span class='ocrx_word' id='word_1_75' title='bbox 530 1673 637 1738; x_wconf 80' lang='lat' dir='ltr'><strong>virum</strong></span> <span class='ocrx_word' id='word_1_76' title='bbox 650 1672 748 1764; x_wconf 64' lang='lat' dir='ltr'><strong>galeis</strong></span> <span class='ocrx_word' id='word_1_77' title='bbox 762 1671 883 1737; x_wconf 78' lang='lat' dir='ltr'><strong>aissuvit</strong></span> <span class='ocrx_word' id='word_1_78' title='bbox 898 1672 1040 1754; x_wconf 76' lang='lat' dir='ltr'><strong>adactis:</strong></span> 
     </span>
     <span class='ocr_line' id='line_1_13' title="bbox 232 1788 1159 1882; baseline 0.002 -30"><span class='ocrx_word' id='word_1_79' title='bbox 232 1788 401 1858; x_wconf 81' lang='lat' dir='ltr'><strong>Continuo</strong></span> <span class='ocrx_word' id='word_1_80' title='bbox 414 1788 493 1855; x_wconf 88' lang='lat' dir='ltr'><strong>hinc</strong></span> <span class='ocrx_word' id='word_1_81' title='bbox 510 1789 639 1870; x_wconf 89' lang='lat' dir='ltr'><strong>obitus,</strong></span> <span class='ocrx_word' id='word_1_82' title='bbox 655 1788 878 1882; x_wconf 66' lang='lat' dir='ltr'><strong>perductique</strong></span> <span class='ocrx_word' id='word_1_83' title='bbox 896 1788 1039 1856; x_wconf 69' lang='lat' dir='ltr'><strong>cudibus</strong></span> <span class='ocrx_word' id='word_1_84' title='bbox 1054 1813 1159 1872; x_wconf 80' lang='lat' dir='ltr'><strong>orma,</strong></span> 
     </span>
    </p>
   </div>
   <div class='ocr_carea' id='block_1_4' title="bbox 196 1992 1256 2122">
    <p class='ocr_par' dir='ltr' id='par_1_5' title="bbox 196 1992 1256 2122">
     <span class='ocr_line' id='line_1_14' title="bbox 222 1992 1256 2054; baseline 0.003 -14"><span class='ocrx_word' id='word_1_85' title='bbox 222 1994 273 2054; x_wconf 77' lang='lat'><strong>175.</strong></span> <span class='ocrx_word' id='word_1_86' title='bbox 289 1993 441 2044; x_wconf 64' lang='lat' dir='ltr'><strong>somnum.</strong></span> <span class='ocrx_word' id='word_1_87' title='bbox 458 1995 547 2042; x_wconf 77' lang='lat' dir='ltr'><strong>senon.</strong></span> <span class='ocrx_word' id='word_1_88' title='bbox 563 2003 587 2040; x_wconf 84' lang='lat' dir='ltr'><strong>et</strong></span> <span class='ocrx_word' id='word_1_89' title='bbox 606 1995 732 2040; x_wconf 78' lang='lat' dir='ltr'><strong>Bes-menn.</strong></span> <span class='ocrx_word' id='word_1_90' title='bbox 749 1992 818 2040; x_wconf 85' lang='lat' dir='ltr'><strong>codd.</strong></span> <span class='ocrx_word' id='word_1_91' title='bbox 839 2020 869 2030; x_wconf 89' lang='lat'><em>-</em></span> <span class='ocrx_word' id='word_1_92' title='bbox 891 1993 944 2042; x_wconf 76' lang='lat'>180.</span> <span class='ocrx_word' id='word_1_93' title='bbox 959 1995 1000 2042; x_wconf 74' lang='lat' dir='ltr'><strong>Ad</strong></span> <span class='ocrx_word' id='word_1_94' title='bbox 1013 1997 1107 2044; x_wconf 68' lang='lat' dir='ltr'><strong>sonum.</strong></span> <span class='ocrx_word' id='word_1_95' title='bbox 1128 1995 1186 2043; x_wconf 79' lang='lat' dir='ltr'><strong>Edd.</strong></span> <span class='ocrx_word' id='word_1_96' title='bbox 1203 2007 1256 2043; x_wconf 80' lang='lat' dir='ltr'><strong>ente</strong></span> 
     </span>
     <span class='ocr_line' id='line_1_15' title="bbox 196 2073 401 2122; baseline -0.01 0"><span class='ocrx_word' id='word_1_97' title='bbox 196 2073 338 2122; x_wconf 75' lang='lat' dir='ltr'><strong>cntionem.</strong></span> <span class='ocrx_word' id='word_1_98' title='bbox 357 2074 401 2120; x_wconf 82' lang='lat' dir='ltr'><strong>En.</strong></span> 
     </span>
    </p>
   </div>
   <div class='ocr_carea' id='block_1_5' title="bbox 183 2222 1257 3882">
    <p class='ocr_par' dir='ltr' id='par_1_6' title="bbox 183 2222 1257 3882">
     <span class='ocr_line' id='line_1_16' title="bbox 187 2222 1257 2296; baseline 0 -18"><span class='ocrx_word' id='word_1_99' title='bbox 187 2223 281 2296; x_wconf 77' lang='lat' dir='ltr'><strong>reguli.</strong></span> <span class='ocrx_word' id='word_1_100' title='bbox 291 2225 324 2278; x_wconf 79' lang='lat' dir='ltr'><strong>At</strong></span> <span class='ocrx_word' id='word_1_101' title='bbox 335 2225 459 2277; x_wconf 82' lang='lat' dir='ltr'><strong>Jnscnem</strong></span> <span class='ocrx_word' id='word_1_102' title='bbox 470 2224 554 2276; x_wconf 78' lang='lat' dir='ltr'><strong>Gresoi</strong></span> <span class='ocrx_word' id='word_1_103' title='bbox 567 2223 607 2276; x_wconf 89' lang='lat' dir='ltr'><strong>sui</strong></span> <span class='ocrx_word' id='word_1_104' title='bbox 618 2225 696 2295; x_wconf 81' lang='lat' dir='ltr'><strong>juvn-</strong></span> <span class='ocrx_word' id='word_1_105' title='bbox 741 2222 847 2276; x_wconf 86' lang='lat' dir='ltr'><strong>-Vide</strong></span> <span class='ocrx_word' id='word_1_106' title='bbox 860 2223 894 2277; x_wconf 84' lang='lat' dir='ltr'><strong>ed</strong></span> <span class='ocrx_word' id='word_1_107' title='bbox 907 2224 975 2278; x_wconf 78' lang='lat' dir='ltr'><strong>calc.</strong></span> <span class='ocrx_word' id='word_1_108' title='bbox 989 2225 1018 2278; x_wconf 87' lang='lat' dir='ltr'><strong>h.</strong></span> <span class='ocrx_word' id='word_1_109' title='bbox 1034 2225 1053 2278; x_wconf 88' lang='grc' dir='ltr'><strong>Ι.</strong></span> <span class='ocrx_word' id='word_1_110' title='bbox 1066 2237 1119 2277; x_wconf 87' lang='lat' dir='ltr'><strong>not.</strong></span> <span class='ocrx_word' id='word_1_111' title='bbox 1135 2227 1192 2296; x_wconf 77' lang='lat'>176.</span> <span class='ocrx_word' id='word_1_112' title='bbox 1208 2225 1257 2284; x_wconf 80' lang='lat' dir='ltr'><strong>En,</strong></span> 
     </span>
     <span class='ocr_line' id='line_1_17' title="bbox 186 2302 1253 2375; baseline -0.003 -18"><span class='ocrx_word' id='word_1_113' title='bbox 186 2304 305 2368; x_wconf 82' lang='lat' dir='ltr'><strong>bant,et</strong></span> <span class='ocrx_word' id='word_1_114' title='bbox 319 2307 392 2374; x_wconf 84' lang='lat' dir='ltr'><strong>ipsa,</strong></span> <span class='ocrx_word' id='word_1_115' title='bbox 408 2321 467 2375; x_wconf 70' lang='lat' dir='ltr'><strong>qum</strong></span> <span class='ocrx_word' id='word_1_116' title='bbox 480 2302 570 2356; x_wconf 83' lang='lat' dir='ltr'><strong>multis</strong></span> <span class='ocrx_word' id='word_1_117' title='bbox 580 2303 696 2356; x_wconf 82' lang='lat' dir='ltr'><strong>millibus</strong></span> <span class='ocrx_word' id='word_1_118' title='bbox 779 2321 838 2374; x_wconf 82' lang='lat'>177.</span> <span class='ocrx_word' id='word_1_119' title='bbox 864 2307 1008 2372; x_wconf 70' lang='lat' dir='ltr'><strong>Primusque</strong></span> <span class='ocrx_word' id='word_1_120' title='bbox 1032 2305 1090 2356; x_wconf 82' lang='lat' dir='ltr'><strong>sinit</strong></span> <span class='ocrx_word' id='word_1_121' title='bbox 1108 2323 1253 2356; x_wconf 76' lang='lat' dir='ltr'><strong>concurrere</strong></span> 
     </span>
     <span class='ocr_line' id='line_1_18' title="bbox 186 2383 1256 2456; baseline -0.001 -19"><span class='ocrx_word' id='word_1_122' title='bbox 186 2383 473 2455; x_wconf 77' lang='lat' dir='ltr'><strong>potioresset‚Pa11ae,</strong></span> <span class='ocrx_word' id='word_1_123' title='bbox 486 2387 566 2454; x_wconf 60' lang='lat' dir='ltr'><strong>apide</strong></span> <span class='ocrx_word' id='word_1_124' title='bbox 576 2385 694 2456; x_wconf 62' lang='lat' dir='ltr'><strong>confice,</strong></span> <span class='ocrx_word' id='word_1_125' title='bbox 737 2400 853 2452; x_wconf 74' lang='lat' dir='ltr'><strong>pugnas,</strong></span> <span class='ocrx_word' id='word_1_126' title='bbox 862 2403 935 2436; x_wconf 91' lang='lat' dir='ltr'><strong>nunc</strong></span> <span class='ocrx_word' id='word_1_127' title='bbox 946 2384 984 2436; x_wconf 84' lang='lat' dir='ltr'><strong>nit</strong></span> <span class='ocrx_word' id='word_1_128' title='bbox 994 2383 1046 2438; x_wconf 90' lang='lat' dir='ltr'><strong>uisi</strong></span> <span class='ocrx_word' id='word_1_129' title='bbox 1055 2385 1197 2438; x_wconf 75' lang='lat' dir='ltr'><strong>comueittit</strong></span> <span class='ocrx_word' id='word_1_130' title='bbox 1206 2403 1256 2454; x_wconf 92' lang='lat' dir='ltr'><strong>pu·</strong></span> 
     </span>
     <span class='ocr_line' id='line_1_19' title="bbox 185 2460 1254 2534; baseline 0.002 -22"><span class='ocrx_word' id='word_1_131' title='bbox 185 2483 258 2530; x_wconf 74' lang='lat' dir='ltr'><strong>quesn</strong></span> <span class='ocrx_word' id='word_1_132' title='bbox 275 2484 321 2516; x_wconf 82' lang='lat' dir='ltr'><strong>nee</strong></span> <span class='ocrx_word' id='word_1_133' title='bbox 333 2467 382 2515; x_wconf 78' lang='lat' dir='ltr'><strong>dea</strong></span> <span class='ocrx_word' id='word_1_134' title='bbox 399 2467 481 2514; x_wconf 78' lang='lat' dir='ltr'><strong>lassas</strong></span> <span class='ocrx_word' id='word_1_135' title='bbox 497 2465 624 2522; x_wconf 72' lang='grc' dir='ltr'><strong>Ιιαόιηάο,</strong></span> <span class='ocrx_word' id='word_1_136' title='bbox 643 2472 696 2516; x_wconf 79' lang='lat' dir='ltr'><strong>tre·</strong></span> <span class='ocrx_word' id='word_1_137' title='bbox 741 2460 973 2534; x_wconf 53' lang='lat' dir='ltr'><strong>guantemmgiua</strong></span> <span class='ocrx_word' id='word_1_138' title='bbox 983 2464 1081 2534; x_wconf 78' lang='lat' dir='ltr'><strong>psumit</strong></span> <span class='ocrx_word' id='word_1_139' title='bbox 1094 2462 1201 2516; x_wconf 87' lang='lat' dir='ltr'><strong>demum</strong></span> <span class='ocrx_word' id='word_1_140' title='bbox 1212 2461 1254 2514; x_wconf 90' lang='lat' dir='ltr'><strong>in-</strong></span> 
     </span>
     <span class='ocr_line' id='line_1_20' title="bbox 186 2541 1256 2615; baseline 0 -19"><span class='ocrx_word' id='word_1_141' title='bbox 186 2541 405 2611; x_wconf 78' lang='lat' dir='ltr'><strong>ctsndo(1assare</strong></span> <span class='ocrx_word' id='word_1_142' title='bbox 417 2543 446 2596; x_wconf 85' lang='lat' dir='ltr'><strong>h.</strong></span> <span class='ocrx_word' id='word_1_143' title='bbox 457 2541 476 2595; x_wconf 90' lang='grc' dir='ltr'><strong>Ι.</strong></span> <span class='ocrx_word' id='word_1_144' title='bbox 488 2541 581 2596; x_wconf 83' lang='lat' dir='ltr'><strong>eodem</strong></span> <span class='ocrx_word' id='word_1_145' title='bbox 598 2560 695 2608; x_wconf 83' lang='lat' dir='ltr'><strong>sensu,</strong></span> <span class='ocrx_word' id='word_1_146' title='bbox 741 2541 799 2605; x_wconf 80' lang='lat' dir='ltr'><strong>sm,</strong></span> <span class='ocrx_word' id='word_1_147' title='bbox 816 2561 895 2596; x_wconf 81' lang='lat' dir='ltr'><strong>versu</strong></span> <span class='ocrx_word' id='word_1_148' title='bbox 908 2543 982 2611; x_wconf 64' lang='lat'><strong>396,</strong></span> <span class='ocrx_word' id='word_1_149' title='bbox 997 2543 1047 2615; x_wconf 85' lang='lat' dir='ltr'><strong>qui</strong></span> <span class='ocrx_word' id='word_1_150' title='bbox 1058 2543 1133 2598; x_wconf 85' lang='lat' dir='ltr'><strong>locus</strong></span> <span class='ocrx_word' id='word_1_151' title='bbox 1146 2544 1256 2598; x_wconf 88' lang='lat' dir='ltr'><strong>omnino</strong></span> 
     </span>
     <span class='ocr_line' id='line_1_21' title="bbox 186 2618 1031 2692; baseline 0.002 -18"><span class='ocrx_word' id='word_1_152' title='bbox 186 2640 241 2692; x_wconf 88' lang='lat' dir='ltr'><strong>quo</strong></span> <span class='ocrx_word' id='word_1_153' title='bbox 251 2621 436 2692; x_wconf 67' lang='lat' dir='ltr'><strong>clinesctigare</strong></span> <span class='ocrx_word' id='word_1_154' title='bbox 445 2619 585 2684; x_wconf 82' lang='lat' dir='ltr'><strong>derebus,</strong></span> <span class='ocrx_word' id='word_1_155' title='bbox 598 2619 697 2690; x_wconf 85' lang='lat' dir='ltr'><strong>quibus</strong></span> <span class='ocrx_word' id='word_1_156' title='bbox 741 2618 828 2674; x_wconf 87' lang='lat' dir='ltr'><strong>lucem</strong></span> <span class='ocrx_word' id='word_1_157' title='bbox 838 2621 920 2676; x_wconf 77' lang='lat' dir='ltr'><strong>affert</strong></span> <span class='ocrx_word' id='word_1_158' title='bbox 931 2633 1031 2680; x_wconf 82' lang='lat' dir='ltr'><strong>nostro.</strong></span> 
     </span>
     <span class='ocr_line' id='line_1_22' title="bbox 185 2698 1257 2767; baseline 0 -13"><span class='ocrx_word' id='word_1_159' title='bbox 185 2700 280 2754; x_wconf 82' lang='lat' dir='ltr'><strong>crebro</strong></span> <span class='ocrx_word' id='word_1_160' title='bbox 289 2715 315 2754; x_wconf 88' lang='lat' dir='ltr'><strong>et</strong></span> <span class='ocrx_word' id='word_1_161' title='bbox 323 2718 385 2755; x_wconf 90' lang='lat' dir='ltr'><strong>cnm</strong></span> <span class='ocrx_word' id='word_1_162' title='bbox 394 2699 561 2754; x_wconf 82' lang='lat' dir='ltr'><strong>contentione</strong></span> <span class='ocrx_word' id='word_1_163' title='bbox 570 2698 696 2764; x_wconf 86' lang='lat' dir='ltr'><strong>utimur),</strong></span> <span class='ocrx_word' id='word_1_164' title='bbox 780 2700 1003 2767; x_wconf 79' lang='lat' dir='ltr'><strong>178.Tantovero</strong></span> <span class='ocrx_word' id='word_1_165' title='bbox 1011 2702 1098 2754; x_wconf 82' lang='lat' dir='ltr'><strong>scrius</strong></span> <span class='ocrx_word' id='word_1_166' title='bbox 1109 2701 1257 2756; x_wconf 87' lang='lat' dir='ltr'><strong>incendunt</strong></span> 
     </span>
     <span class='ocr_line' id='line_1_23' title="bbox 185 2777 1256 2852; baseline -0.001 -18"><span class='ocrx_word' id='word_1_167' title='bbox 185 2799 259 2834; x_wconf 89' lang='lat' dir='ltr'><strong>nunc</strong></span> <span class='ocrx_word' id='word_1_168' title='bbox 269 2779 388 2834; x_wconf 85' lang='lat' dir='ltr'><strong>nondum</strong></span> <span class='ocrx_word' id='word_1_169' title='bbox 399 2779 485 2832; x_wconf 79' lang='lat' dir='ltr'><strong>vibret</strong></span> <span class='ocrx_word' id='word_1_170' title='bbox 495 2797 556 2840; x_wconf 83' lang='lat' dir='ltr'><strong>,nec</strong></span> <span class='ocrx_word' id='word_1_171' title='bbox 562 2790 635 2845; x_wconf 78' lang='lat' dir='ltr'><strong>pater</strong></span> <span class='ocrx_word' id='word_1_172' title='bbox 642 2779 698 2828; x_wconf 63' lang='grc' dir='ltr'><strong><em>Ιιοπ-</em></strong></span> <span class='ocrx_word' id='word_1_173' title='bbox 740 2777 1073 2848; x_wconf 65' lang='grc' dir='ltr'><strong>μιΙίιιιηεῑΜανοκιμωιι,</strong></span> <span class='ocrx_word' id='word_1_174' title='bbox 1080 2777 1153 2852; x_wconf 87' lang='lat' dir='ltr'><strong>quod</strong></span> <span class='ocrx_word' id='word_1_175' title='bbox 1160 2797 1256 2834; x_wconf 85' lang='lat' dir='ltr'><strong>nomen</strong></span> 
     </span>
     <span class='ocr_line' id='line_1_24' title="bbox 186 2854 1255 2928; baseline 0 -16"><span class='ocrx_word' id='word_1_176' title='bbox 186 2875 278 2915; x_wconf 73' lang='lat' dir='ltr'><strong>mntem</strong></span> <span class='ocrx_word' id='word_1_177' title='bbox 294 2862 397 2912; x_wconf 81' lang='lat' dir='ltr'><strong>colubris</strong></span> <span class='ocrx_word' id='word_1_178' title='bbox 416 2862 535 2925; x_wconf 63' lang='lat' dir='ltr'><strong>milesque</strong></span> <span class='ocrx_word' id='word_1_179' title='bbox 547 2857 697 2909; x_wconf 69' lang='lat' dir='ltr'><strong>metuendam</strong></span> <span class='ocrx_word' id='word_1_180' title='bbox 741 2854 795 2908; x_wconf 81' lang='lat' dir='ltr'><strong>diis</strong></span> <span class='ocrx_word' id='word_1_181' title='bbox 803 2875 937 2928; x_wconf 75' lang='lat' dir='ltr'><strong>apponere</strong></span> <span class='ocrx_word' id='word_1_182' title='bbox 943 2857 1053 2912; x_wconf 85' lang='lat' dir='ltr'><strong>omuino</strong></span> <span class='ocrx_word' id='word_1_183' title='bbox 1061 2871 1131 2911; x_wconf 82' lang='lat' dir='ltr'><strong>emet</strong></span> <span class='ocrx_word' id='word_1_184' title='bbox 1145 2859 1255 2926; x_wconf 82' lang='lat' dir='ltr'><strong>Noster,</strong></span> 
     </span>
     <span class='ocr_line' id='line_1_25' title="bbox 187 2933 1256 3008; baseline -0.002 -18"><span class='ocrx_word' id='word_1_185' title='bbox 187 2944 318 3008; x_wconf 67' lang='lat' dir='ltr'><strong>Gorgoneo</strong></span> <span class='ocrx_word' id='word_1_186' title='bbox 325 2976 334 3000; x_wconf 87' lang='lat'>,</span> <span class='ocrx_word' id='word_1_187' title='bbox 344 2936 461 2990; x_wconf 68' lang='lat' dir='ltr'><strong>Medusa</strong></span> <span class='ocrx_word' id='word_1_188' title='bbox 473 2935 566 3006; x_wconf 75' lang='lat' dir='ltr'><strong>cupite.</strong></span> <span class='ocrx_word' id='word_1_189' title='bbox 575 2933 647 3000; x_wconf 86' lang='lat' dir='ltr'><strong>Quid</strong></span> <span class='ocrx_word' id='word_1_190' title='bbox 651 2953 699 3002; x_wconf 83' lang='lat' dir='ltr'><strong>pa·</strong></span> <span class='ocrx_word' id='word_1_191' title='bbox 742 2949 768 2986; x_wconf 85' lang='lat' dir='ltr'><strong>et</strong></span> <span class='ocrx_word' id='word_1_192' title='bbox 783 2939 851 2986; x_wconf 77' lang='lat' dir='ltr'><strong>mala</strong></span> <span class='ocrx_word' id='word_1_193' title='bbox 863 2937 906 2990; x_wconf 74' lang='lat' dir='ltr'><strong>tes</strong></span> <span class='ocrx_word' id='word_1_194' title='bbox 913 2938 1010 3004; x_wconf 78' lang='lat' dir='ltr'><strong>gaudia</strong></span> <span class='ocrx_word' id='word_1_195' title='bbox 1017 2940 1208 3002; x_wconf 77' lang='lat' dir='ltr'><strong>(Mordluet)‚et</strong></span> <span class='ocrx_word' id='word_1_196' title='bbox 1216 2940 1256 2988; x_wconf 76' lang='lat' dir='ltr'><strong>st·-</strong></span> 
     </span>
     <span class='ocr_line' id='line_1_26' title="bbox 183 3011 1255 3089; baseline -0.002 -21"><span class='ocrx_word' id='word_1_197' title='bbox 183 3033 233 3080; x_wconf 80' lang='lat' dir='ltr'><strong>ser‚</strong></span> <span class='ocrx_word' id='word_1_198' title='bbox 249 3017 278 3070; x_wconf 82' lang='lat' dir='ltr'><strong>ist</strong></span> <span class='ocrx_word' id='word_1_199' title='bbox 295 3035 350 3089; x_wconf 90' lang='lat' dir='ltr'><strong>quc</strong></span> <span class='ocrx_word' id='word_1_200' title='bbox 369 3027 457 3070; x_wconf 75' lang='lat' dir='ltr'><strong>temen</strong></span> <span class='ocrx_word' id='word_1_201' title='bbox 474 3013 541 3067; x_wconf 82' lang='lat' dir='ltr'><strong>nihil</strong></span> <span class='ocrx_word' id='word_1_202' title='bbox 555 3012 658 3067; x_wconf 76' lang='lat' dir='ltr'><strong>varient</strong></span> <span class='ocrx_word' id='word_1_203' title='bbox 670 3011 700 3064; x_wconf 88' lang='lat' dir='ltr'><strong>li·</strong></span> <span class='ocrx_word' id='word_1_204' title='bbox 742 3015 843 3082; x_wconf 81' lang='lat' dir='ltr'><strong>siplsone</strong></span> <span class='ocrx_word' id='word_1_205' title='bbox 858 3027 932 3081; x_wconf 83' lang='lat' dir='ltr'><strong>eaput</strong></span> <span class='ocrx_word' id='word_1_206' title='bbox 947 3033 994 3081; x_wconf 76' lang='lat' dir='ltr'><strong>pst</strong></span> <span class='ocrx_word' id='word_1_207' title='bbox 1008 3017 1091 3066; x_wconf 78' lang='lat' dir='ltr'><strong>nubila</strong></span> <span class='ocrx_word' id='word_1_208' title='bbox 1102 3019 1206 3076; x_wconf 78' lang='lat' dir='ltr'><strong>tollens,</strong></span> <span class='ocrx_word' id='word_1_209' title='bbox 1225 3027 1255 3068; x_wconf 88' lang='lat' dir='ltr'><strong>ut</strong></span> 
     </span>
     <span class='ocr_line' id='line_1_27' title="bbox 186 3091 1254 3166; baseline -0.004 -16"><span class='ocrx_word' id='word_1_210' title='bbox 186 3097 245 3160; x_wconf 78' lang='lat' dir='ltr'><strong>hri,</strong></span> <span class='ocrx_word' id='word_1_211' title='bbox 262 3095 306 3154; x_wconf 81' lang='lat' dir='ltr'><strong>hic</strong></span> <span class='ocrx_word' id='word_1_212' title='bbox 324 3095 374 3150; x_wconf 87' lang='lat' dir='ltr'><strong>sibi</strong></span> <span class='ocrx_word' id='word_1_213' title='bbox 395 3095 474 3156; x_wconf 82' lang='lat' dir='ltr'><strong>velit,</strong></span> <span class='ocrx_word' id='word_1_214' title='bbox 496 3091 620 3165; x_wconf 85' lang='lat' dir='ltr'><strong>equidem</strong></span> <span class='ocrx_word' id='word_1_215' title='bbox 643 3109 698 3146; x_wconf 85' lang='lat' dir='ltr'><strong>uon</strong></span> <span class='ocrx_word' id='word_1_216' title='bbox 742 3091 860 3162; x_wconf 86' lang='lat' dir='ltr'><strong>undique</strong></span> <span class='ocrx_word' id='word_1_217' title='bbox 876 3091 992 3164; x_wconf 72' lang='lat' dir='ltr'><strong>conspici</strong></span> <span class='ocrx_word' id='word_1_218' title='bbox 1008 3092 1108 3166; x_wconf 83' lang='lat' dir='ltr'><strong>possit,</strong></span> <span class='ocrx_word' id='word_1_219' title='bbox 1123 3097 1254 3162; x_wconf 77' lang='lat' dir='ltr'><strong>mediaque</strong></span> 
     </span>
     <span class='ocr_line' id='line_1_28' title="bbox 185 3171 965 3248; baseline -0.004 -19"><span class='ocrx_word' id='word_1_220' title='bbox 185 3175 273 3230; x_wconf 80' lang='lat' dir='ltr'><strong>video.</strong></span> <span class='ocrx_word' id='word_1_221' title='bbox 285 3175 396 3248; x_wconf 81' lang='lat' dir='ltr'><strong>Scripsit</strong></span> <span class='ocrx_word' id='word_1_222' title='bbox 408 3175 464 3228; x_wconf 89' lang='lat' dir='ltr'><strong>sinc</strong></span> <span class='ocrx_word' id='word_1_223' title='bbox 482 3172 565 3226; x_wconf 89' lang='lat' dir='ltr'><strong>dubio</strong></span> <span class='ocrx_word' id='word_1_224' title='bbox 575 3171 699 3226; x_wconf 75' lang='lat' dir='ltr'><strong>Valerius</strong></span> <span class='ocrx_word' id='word_1_225' title='bbox 742 3173 861 3223; x_wconf 74' lang='lat' dir='ltr'><strong>altissim</strong></span> <span class='ocrx_word' id='word_1_226' title='bbox 867 3192 965 3242; x_wconf 71' lang='lat' dir='ltr'><strong>pugna.</strong></span> 
     </span>
     <span class='ocr_line' id='line_1_29' title="bbox 186 3251 1253 3327; baseline -0.002 -19"><span class='ocrx_word' id='word_1_227' title='bbox 186 3258 275 3324; x_wconf 81' lang='lat' dir='ltr'><strong>quatit,</strong></span> <span class='ocrx_word' id='word_1_228' title='bbox 295 3256 338 3310; x_wconf 79' lang='lat' dir='ltr'><strong>vel</strong></span> <span class='ocrx_word' id='word_1_229' title='bbox 356 3255 466 3327; x_wconf 87' lang='lat' dir='ltr'><strong>propius</strong></span> <span class='ocrx_word' id='word_1_230' title='bbox 488 3251 698 3323; x_wconf 71' lang='lat' dir='ltr'><strong>adscripturum</strong></span> <span class='ocrx_word' id='word_1_231' title='bbox 781 3251 1253 3323; x_wconf 69' lang='lat' dir='ltr'><strong>181.Neeebestm3a,quasidea,</strong></span> 
     </span>
     <span class='ocr_line' id='line_1_30' title="bbox 186 3331 1253 3408; baseline -0.004 -20"><span class='ocrx_word' id='word_1_232' title='bbox 186 3349 297 3402; x_wconf 80' lang='lat' dir='ltr'><strong>quatere,</strong></span> <span class='ocrx_word' id='word_1_233' title='bbox 311 3333 384 3405; x_wconf 91' lang='lat' dir='ltr'><strong>quod</strong></span> <span class='ocrx_word' id='word_1_234' title='bbox 397 3337 494 3408; x_wconf 70' lang='lat' dir='ltr'><strong>junges</strong></span> <span class='ocrx_word' id='word_1_235' title='bbox 506 3331 677 3404; x_wconf 79' lang='lat' dir='ltr'><strong>sequentibus</strong></span> <span class='ocrx_word' id='word_1_236' title='bbox 689 3348 697 3382; x_wconf 72' lang='grc' dir='ltr'><em>τ</em></span> <span class='ocrx_word' id='word_1_237' title='bbox 741 3333 850 3382; x_wconf 79' lang='lat' dir='ltr'><strong>nossdmn</strong></span> <span class='ocrx_word' id='word_1_238' title='bbox 863 3335 1027 3385; x_wconf 75' lang='lat' dir='ltr'><strong>camenctum</strong></span> <span class='ocrx_word' id='word_1_239' title='bbox 1039 3336 1088 3402; x_wconf 89' lang='lat' dir='ltr'><strong>(ut</strong></span> <span class='ocrx_word' id='word_1_240' title='bbox 1098 3333 1253 3397; x_wconf 70' lang='lat' dir='ltr'><strong>Grecocum</strong></span> 
     </span>
     <span class='ocr_line' id='line_1_31' title="bbox 187 3403 1253 3482; baseline -0.003 -15"><span class='ocrx_word' id='word_1_241' title='bbox 187 3435 233 3467; x_wconf 82' lang='lat' dir='ltr'><strong>nee</strong></span> <span class='ocrx_word' id='word_1_242' title='bbox 245 3429 338 3482; x_wconf 81' lang='lat' dir='ltr'><strong>tesnpus</strong></span> <span class='ocrx_word' id='word_1_243' title='bbox 352 3424 417 3466; x_wconf 81' lang='lat' dir='ltr'><strong>erat.</strong></span> <span class='ocrx_word' id='word_1_244' title='bbox 559 3451 562 3460; x_wconf 90' lang='lat'><em>.</em></span> <span class='ocrx_word' id='word_1_245' title='bbox 742 3407 816 3474; x_wconf 63' lang='grc' dir='ltr'>δῆλος</span> <span class='ocrx_word' id='word_1_246' title='bbox 826 3403 838 3481; x_wconf 91' lang='grc'>)</span> <span class='ocrx_word' id='word_1_247' title='bbox 846 3447 856 3473; x_wconf 84' lang='grc'><strong><em>,</em></strong></span> <span class='ocrx_word' id='word_1_248' title='bbox 873 3409 994 3464; x_wconf 88' lang='lat' dir='ltr'><strong>nondum</strong></span> <span class='ocrx_word' id='word_1_249' title='bbox 1011 3423 1097 3475; x_wconf 82' lang='lat' dir='ltr'><strong>certe,</strong></span> <span class='ocrx_word' id='word_1_250' title='bbox 1111 3409 1193 3464; x_wconf 77' lang='lat' dir='ltr'><strong>dubia</strong></span> <span class='ocrx_word' id='word_1_251' title='bbox 1208 3409 1253 3464; x_wconf 81' lang='lat' dir='ltr'><strong>ed·</strong></span> 
     </span>
     <span class='ocr_line' id='line_1_32' title="bbox 225 3487 1250 3563; baseline -0.005 -18"><span class='ocrx_word' id='word_1_252' title='bbox 225 3495 284 3563; x_wconf 85' lang='lat'><strong>176.</strong></span> <span class='ocrx_word' id='word_1_253' title='bbox 298 3498 352 3545; x_wconf 85' lang='lat' dir='ltr'><strong>Nee</strong></span> <span class='ocrx_word' id='word_1_254' title='bbox 365 3507 456 3560; x_wconf 80' lang='lat' dir='ltr'><strong>tempus</strong></span> <span class='ocrx_word' id='word_1_255' title='bbox 474 3496 554 3544; x_wconf 75' lang='lat' dir='ltr'><strong>adhuc</strong></span> <span class='ocrx_word' id='word_1_256' title='bbox 567 3495 698 3543; x_wconf 79' lang='lat' dir='ltr'><strong>semineces</strong></span> <span class='ocrx_word' id='word_1_257' title='bbox 742 3487 815 3553; x_wconf 86' lang='lat' dir='ltr'><strong>huc,</strong></span> <span class='ocrx_word' id='word_1_258' title='bbox 835 3494 920 3557; x_wconf 82' lang='lat' dir='ltr'><strong>quibus</strong></span> <span class='ocrx_word' id='word_1_259' title='bbox 939 3510 993 3542; x_wconf 84' lang='lat' dir='ltr'><strong>sese</strong></span> <span class='ocrx_word' id='word_1_260' title='bbox 1011 3493 1129 3546; x_wconf 80' lang='lat' dir='ltr'><strong>ments&#39;bue</strong></span> <span class='ocrx_word' id='word_1_261' title='bbox 1153 3495 1250 3552; x_wconf 79' lang='lat' dir='ltr'><strong>addat,</strong></span> 
     </span>
     <span class='ocr_line' id='line_1_33' title="bbox 185 3568 1252 3643; baseline 0 -21"><span class='ocrx_word' id='word_1_262' title='bbox 185 3575 313 3624; x_wconf 78' lang='lat' dir='ltr'><strong>estendere</strong></span> <span class='ocrx_word' id='word_1_263' title='bbox 325 3574 421 3630; x_wconf 68' lang='lat' dir='ltr'><strong>enses,</strong></span> <span class='ocrx_word' id='word_1_264' title='bbox 439 3571 486 3643; x_wconf 89' lang='lat' dir='ltr'><strong>qui</strong></span> <span class='ocrx_word' id='word_1_265' title='bbox 505 3590 559 3625; x_wconf 89' lang='lat' dir='ltr'><strong>non</strong></span> <span class='ocrx_word' id='word_1_266' title='bbox 579 3568 623 3622; x_wconf 77' lang='lat' dir='ltr'><strong>alii</strong></span> <span class='ocrx_word' id='word_1_267' title='bbox 640 3588 696 3622; x_wconf 87' lang='lat' dir='ltr'><strong>esse</strong></span> <span class='ocrx_word' id='word_1_268' title='bbox 742 3570 795 3622; x_wconf 86' lang='lat' dir='ltr'><strong>utri</strong></span> <span class='ocrx_word' id='word_1_269' title='bbox 812 3568 937 3622; x_wconf 80' lang='lat' dir='ltr'><strong>exercitui</strong></span> <span class='ocrx_word' id='word_1_270' title='bbox 949 3569 1069 3642; x_wconf 76' lang='lat' dir='ltr'><strong>fugiendi</strong></span> <span class='ocrx_word' id='word_1_271' title='bbox 1080 3582 1166 3640; x_wconf 79' lang='lat' dir='ltr'><strong>partes</strong></span> <span class='ocrx_word' id='word_1_272' title='bbox 1178 3570 1252 3624; x_wconf 77' lang='lat' dir='ltr'><strong>attri-</strong></span> 
     </span>
     <span class='ocr_line' id='line_1_34' title="bbox 186 3648 1253 3721; baseline -0.002 -17"><span class='ocrx_word' id='word_1_273' title='bbox 186 3663 314 3720; x_wconf 86' lang='lat' dir='ltr'><strong>possunt,</strong></span> <span class='ocrx_word' id='word_1_274' title='bbox 329 3650 379 3702; x_wconf 89' lang='lat' dir='ltr'><strong>nisi</strong></span> <span class='ocrx_word' id='word_1_275' title='bbox 393 3649 473 3703; x_wconf 88' lang='lat' dir='ltr'><strong>iidem</strong></span> <span class='ocrx_word' id='word_1_276' title='bbox 489 3649 605 3702; x_wconf 64' lang='lat' dir='ltr'><strong>Medusa</strong></span> <span class='ocrx_word' id='word_1_277' title='bbox 615 3660 697 3721; x_wconf 79' lang='lat' dir='ltr'><strong>ceput</strong></span> <span class='ocrx_word' id='word_1_278' title='bbox 739 3649 820 3716; x_wconf 85' lang='lat' dir='ltr'><strong>buat,</strong></span> <span class='ocrx_word' id='word_1_279' title='bbox 846 3667 961 3721; x_wconf 81' lang='lat' dir='ltr'><strong>qnorum</strong></span> <span class='ocrx_word' id='word_1_280' title='bbox 985 3648 1088 3706; x_wconf 81' lang='lat' dir='ltr'><strong>enimes</strong></span> <span class='ocrx_word' id='word_1_281' title='bbox 1110 3649 1253 3704; x_wconf 78' lang='lat' dir='ltr'><strong>iomuidine</strong></span> 
     </span>
     <span class='ocr_line' id='line_1_35' title="bbox 186 3727 1250 3802; baseline 0 -20"><span class='ocrx_word' id='word_1_282' title='bbox 186 3729 321 3800; x_wconf 79' lang='lat' dir='ltr'><strong>cingentes</strong></span> <span class='ocrx_word' id='word_1_283' title='bbox 336 3749 453 3802; x_wconf 77' lang='lat' dir='ltr'><strong>angues,</strong></span> <span class='ocrx_word' id='word_1_284' title='bbox 470 3727 517 3782; x_wconf 85' lang='lat' dir='ltr'><strong>sed</strong></span> <span class='ocrx_word' id='word_1_285' title='bbox 531 3742 579 3792; x_wconf 73' lang='lat' dir='ltr'><strong>cut·</strong></span> <span class='ocrx_word' id='word_1_286' title='bbox 590 3731 694 3780; x_wconf 83' lang='lat' dir='ltr'><strong>semine-</strong></span> <span class='ocrx_word' id='word_1_287' title='bbox 739 3727 845 3800; x_wconf 83' lang='lat' dir='ltr'><strong>impleet</strong></span> <span class='ocrx_word' id='word_1_288' title='bbox 855 3768 864 3794; x_wconf 92' lang='lat'>‚</span> <span class='ocrx_word' id='word_1_289' title='bbox 876 3741 906 3786; x_wconf 88' lang='lat' dir='ltr'><strong>ut</strong></span> <span class='ocrx_word' id='word_1_290' title='bbox 915 3728 995 3800; x_wconf 81' lang='lat' dir='ltr'><strong>primi</strong></span> <span class='ocrx_word' id='word_1_291' title='bbox 1003 3729 1095 3800; x_wconf 81' lang='lat' dir='ltr'><strong>sugam</strong></span> <span class='ocrx_word' id='word_1_292' title='bbox 1104 3742 1250 3800; x_wconf 74' lang='lat' dir='ltr'><strong>capessent.</strong></span> 
     </span>
     <span class='ocr_line' id='line_1_36' title="bbox 187 3806 1252 3882; baseline 0.001 -23"><span class='ocrx_word' id='word_1_293' title='bbox 187 3819 248 3860; x_wconf 72' lang='lat' dir='ltr'><strong>ces?</strong></span> <span class='ocrx_word' id='word_1_294' title='bbox 261 3808 341 3863; x_wconf 87' lang='lat' dir='ltr'><strong>Hnud</strong></span> <span class='ocrx_word' id='word_1_295' title='bbox 357 3810 445 3881; x_wconf 88' lang='lat' dir='ltr'><strong>inepte</strong></span> <span class='ocrx_word' id='word_1_296' title='bbox 460 3811 493 3860; x_wconf 80' lang='lat' dir='ltr'><strong>ed</strong></span> <span class='ocrx_word' id='word_1_297' title='bbox 508 3825 613 3882; x_wconf 73' lang='lat' dir='ltr'><strong>sepium</strong></span> <span class='ocrx_word' id='word_1_298' title='bbox 627 3806 696 3860; x_wconf 79' lang='lat' dir='ltr'><strong>Frie·</strong></span> <span class='ocrx_word' id='word_1_299' title='bbox 777 3807 897 3862; x_wconf 74' lang='lat' dir='ltr'><strong>eds-188.</strong></span> <span class='ocrx_word' id='word_1_300' title='bbox 908 3807 955 3860; x_wconf 86' lang='lat' dir='ltr'><strong>His</strong></span> <span class='ocrx_word' id='word_1_301' title='bbox 965 3808 1084 3862; x_wconf 77' lang='lat' dir='ltr'><strong>uersibus</strong></span> <span class='ocrx_word' id='word_1_302' title='bbox 1095 3807 1181 3862; x_wconf 63' lang='grc' dir='ltr'><strong>ἄνευ]</strong></span> <span class='ocrx_word' id='word_1_303' title='bbox 1190 3827 1252 3880; x_wconf 89' lang='lat' dir='ltr'><strong>poe-</strong></span> 
     </span>
    </p>
   </div>
   <div class='ocr_carea' id='block_1_6' title="bbox 187 3883 1251 3960">
    <p class='ocr_par' dir='ltr' id='par_1_7' title="bbox 187 3883 1251 3960">
     <span class='ocr_line' id='line_1_37' title="bbox 187 3883 1251 3960; baseline -0.001 -20"><span class='ocrx_word' id='word_1_304' title='bbox 187 3907 328 3941; x_wconf 80' lang='lat' dir='ltr'><strong>semennus</strong></span> <span class='ocrx_word' id='word_1_305' title='bbox 345 3888 451 3960; x_wconf 87' lang='lat' dir='ltr'><strong>conjicit</strong></span> <span class='ocrx_word' id='word_1_306' title='bbox 471 3891 604 3958; x_wconf 73' lang='lat' dir='ltr'><strong>saxificos,</strong></span> <span class='ocrx_word' id='word_1_307' title='bbox 623 3883 695 3956; x_wconf 89' lang='lat' dir='ltr'><strong>quod</strong></span> <span class='ocrx_word' id='word_1_308' title='bbox 739 3885 801 3939; x_wconf 79' lang='lat' dir='ltr'><strong>tain</strong></span> <span class='ocrx_word' id='word_1_309' title='bbox 814 3887 967 3944; x_wconf 82' lang='lat' dir='ltr'><strong>universnm</strong></span> <span class='ocrx_word' id='word_1_310' title='bbox 981 3888 1123 3960; x_wconf 73' lang='lat' dir='ltr'><strong>imaginem</strong></span> <span class='ocrx_word' id='word_1_311' title='bbox 1134 3888 1217 3959; x_wconf 83' lang='lat' dir='ltr'><strong>pingit</strong></span> <span class='ocrx_word' id='word_1_312' title='bbox 1225 3901 1251 3940; x_wconf 85' lang='lat' dir='ltr'><strong>et</strong></span> 
     </span>
    </p>
   </div>
   <div class='ocr_carea' id='block_1_7' title="bbox 178 3965 1352 4038">
    <p class='ocr_par' dir='ltr' id='par_1_8' title="bbox 178 3965 1352 4038">
     <span class='ocr_line' id='line_1_38' title="bbox 178 3965 1352 4038; baseline 0.002 -20"><span class='ocrx_word' id='word_1_313' title='bbox 178 3966 575 4038; x_wconf 72' lang='lat' dir='ltr'><strong>,tamenavestigiissceipturae</strong></span> <span class='ocrx_word' id='word_1_314' title='bbox 583 3965 695 4018; x_wconf 90' lang='lat' dir='ltr'><strong>nimium</strong></span> <span class='ocrx_word' id='word_1_315' title='bbox 739 3966 932 4037; x_wconf 77' lang='lat' dir='ltr'><strong>preliiipsius,</strong></span> <span class='ocrx_word' id='word_1_316' title='bbox 945 3965 1191 4038; x_wconf 80' lang='lat' dir='ltr'><strong>etcumpi,inqno</strong></span> <span class='ocrx_word' id='word_1_317' title='bbox 1202 3985 1251 4038; x_wconf 88' lang='lat' dir='ltr'><strong>pu·</strong></span> <span class='ocrx_word' id='word_1_318' title='bbox 1343 3988 1352 4002; x_wconf 92' lang='lat'><strong>·</strong></span> 
     </span>
    </p>
   </div>
   <div class='ocr_carea' id='block_1_8' title="bbox 181 4045 1252 4198">
    <p class='ocr_par' dir='ltr' id='par_1_9' title="bbox 181 4045 1252 4198">
     <span class='ocr_line' id='line_1_39' title="bbox 181 4045 1252 4117; baseline 0.001 -20"><span class='ocrx_word' id='word_1_319' title='bbox 181 4045 295 4105; x_wconf 66' lang='lat' dir='ltr'><strong>secedit.</strong></span> <span class='ocrx_word' id='word_1_320' title='bbox 306 4051 441 4100; x_wconf 82' lang='lat' dir='ltr'><strong>Sesstt&#39;stcces</strong></span> <span class='ocrx_word' id='word_1_321' title='bbox 450 4047 470 4099; x_wconf 87' lang='lat' dir='ltr'><strong>si</strong></span> <span class='ocrx_word' id='word_1_322' title='bbox 479 4047 592 4100; x_wconf 81' lang='lat' dir='ltr'><strong>retineas</strong></span> <span class='ocrx_word' id='word_1_323' title='bbox 600 4084 608 4110; x_wconf 91' lang='lat'><em>,</em></span> <span class='ocrx_word' id='word_1_324' title='bbox 616 4045 695 4114; x_wconf 79' lang='lat' dir='ltr'><strong>expli·</strong></span> <span class='ocrx_word' id='word_1_325' title='bbox 738 4058 842 4116; x_wconf 69' lang='lat' dir='ltr'><strong>guntur.</strong></span> <span class='ocrx_word' id='word_1_326' title='bbox 854 4049 899 4098; x_wconf 77' lang='lat' dir='ltr'><strong>vsi</strong></span> <span class='ocrx_word' id='word_1_327' title='bbox 904 4051 1022 4100; x_wconf 78' lang='lat' dir='ltr'><strong>coseserts&#39;s</strong></span> <span class='ocrx_word' id='word_1_328' title='bbox 1027 4051 1138 4117; x_wconf 78' lang='lat' dir='ltr'><strong>junxere</strong></span> <span class='ocrx_word' id='word_1_329' title='bbox 1140 4047 1252 4114; x_wconf 72' lang='lat' dir='ltr'><strong>sternen-</strong></span> 
     </span>
     <span class='ocr_line' id='line_1_40' title="bbox 189 4125 1252 4198; baseline 0.008 -22"><span class='ocrx_word' id='word_1_330' title='bbox 189 4125 242 4176; x_wconf 84' lang='lat' dir='ltr'><strong>cari</strong></span> <span class='ocrx_word' id='word_1_331' title='bbox 262 4126 362 4198; x_wconf 83' lang='lat' dir='ltr'><strong>possint</strong></span> <span class='ocrx_word' id='word_1_332' title='bbox 384 4126 532 4197; x_wconf 81' lang='lat' dir='ltr'><strong>pellentes,</strong></span> <span class='ocrx_word' id='word_1_333' title='bbox 553 4129 693 4197; x_wconf 72' lang='grc' dir='ltr'><strong>ἡμιθνῆτες·</strong></span> <span class='ocrx_word' id='word_1_334' title='bbox 738 4129 773 4196; x_wconf 74' lang='lat' dir='ltr'><strong>tia</strong></span> <span class='ocrx_word' id='word_1_335' title='bbox 787 4128 839 4180; x_wconf 77' lang='lat' dir='ltr'><strong>telis</strong></span> <span class='ocrx_word' id='word_1_336' title='bbox 852 4130 971 4192; x_wconf 70' lang='lat' dir='ltr'><strong>agmina,</strong></span> <span class='ocrx_word' id='word_1_337' title='bbox 991 4145 1084 4198; x_wconf 75' lang='lat' dir='ltr'><strong>magun</strong></span> <span class='ocrx_word' id='word_1_338' title='bbox 1102 4125 1252 4184; x_wconf 71' lang='lat' dir='ltr'><strong>conclam-</strong></span> 
     </span>
    </p>
   </div>
   <div class='ocr_carea' id='block_1_9' title="bbox 0 0 1506 4680">
    <p class='ocr_par' dir='ltr' id='par_1_10' title="bbox 0 0 1506 4680">
     <span class='ocr_line' id='line_1_41' title="bbox 0 0 1506 4680; baseline 0 0"><span class='ocrx_word' id='word_1_339' title='bbox 0 0 1506 4680; x_wconf 95' lang='lat' dir='ltr'><strong> </strong></span> 
     </span>
    </p>
   </div>
  </div>
 </body>
</html>
