2994 4702
491 375 904 444 lucouau'rattttm.
1170 377 1231 464 373

168 501 308 591 petierit,
325 523 431 589 neque
444 501 539 564 etiam
557 523 596 564 ex
609 500 661 563 illa
679 499 857 588 quidquam
869 500 995 566 desumi
1008 515 1130 588 potest,
1145 501 1235 564 unde

169 609 330 698 Euphemi
345 606 504 672 efficiatur
519 606 640 694 imago,
657 627 760 694 quum
779 607 828 671 vel
844 607 998 695 Neptuno
1014 606 1092 694 ipsi,
1103 607 1152 672 vel
1167 607 1234 671 cui·

170 737 312 802 cumque
337 712 482 800 Neptuni
511 710 598 791 lilio,
623 709 737 776 eodem
762 712 835 790 jure
860 709 1097 776 accommodari
1117 713 1232 798 'possit

169 821 364 908 Euphemum
380 839 456 882 vero
475 818 517 881 ita
536 815 706 905 effingere,
729 833 768 881 ut
787 818 821 880 in
846 817 964 906 piscem
988 816 1129 896 desinat,
1152 816 1232 880 mihi

168 926 360 992 indecorum
373 921 510 1005 videtur,
528 937 561 986 et
576 923 762 1005 Tritonem,
779 923 957 1004 Glaucum,
973 903 1147 987 eutalium
1166 945 1234 986 ma·
1306 943 1311 951 ¹

169 1033 278 1096 tinum
295 1029 394 1096 deum
408 1031 468 1094 hac
481 1031 585 1093 lbrma
599 1030 777 1116 exprimere
791 1031 890 1118 magis
904 1031 1015 1094 solitos
1029 1027 1233 1094 crediderim.

170 1136 368 1226 Euphemiam
390 1133 547 1222 Eurybati
572 1133 707 1213 alicujus
736 1151 859 1222 patrem
887 1133 986 1198 niodo
1011 1134 1044 1197 in
1071 1135 1239 1221 Eurybato

170 1241 326 1320 vidimus,
342 1238 435 1304 nobis
451 1260 518 1302 non
536 1237 667 1302 aliunde
685 1255 813 1303 notum.

208 1475 451 1553 EURYALUS,
470 1471 612 1536 lllecistei
631 1471 724 1534 lilius.
743 1471 840 1534 Hunc
856 1470 944 1533 solus
960 1471 1045 1532 inter
1064 1471 1237 1558 Argonau-

170 1597 217 1644 tas
234 1595 383 1645 numeret
401 1577 637 1668 Apollodorus,
654 1578 776 1642 caeteris
792 1577 961 1640 indictum.
977 1576 1142 1640 illect'steus
1157 1597 1237 1640 vero
1348 1653 1349 1656 ¹

170 1683 232 1749 luit
247 1685 332 1750 filius
349 1681 445 1748 Tabai
461 1699 493 1747 et
512 1683 711 1768 Lysimaches
721 1731 730 1762 ,
749 1682 882 1746 Abantis
899 1679 981 1746 filie.
1002 1681 1121 1747 Talaus
1140 1684 1237 1747 Bian-

170 1793 224 1870 tis,
245 1806 277 1854 et
292 1789 344 1854 ille
360 1789 582 1875 Amythaonis,
608 1788 664 1875 qui
689 1786 829 1867 Crctkei,
849 1786 892 1850 ita
915 1801 953 1849 ut
973 1787 1071 1850 luerit
1094 1811 1132 1852 ex
1156 1789 1235 1852 Cre·

170 1893 303 1976 theidis,
321 1893 409 1958 unde
427 1911 460 1957 et
476 1895 572 1957 lason
588 1918 597 1976 ς
620 1891 676 1956 scd
695 1893 747 1957 ille
769 1893 804 1956 in
827 1905 974 1980 tempora
996 1892 1235 1980 aliquantulum

171 1999 289 2062 seriora
316 1996 450 2077 incidit3
476 2019 551 2060 nam
579 2013 611 2060 ct
635 1996 789 2060 adversus
811 1997 941 2077 Troiam
968 1998 1131 2086 navigasse
1158 1997 1238 2063 dicit

171 2102 406 2192 Apollodorus,
431 2101 487 2166 lib.
510 2105 542 2177 Ι,
566 2125 635 2191 cap.
652 2124 692 2188 9,
719 2111 735 2178 s
755 2102 810 2183 13,
834 2118 867 2166 et
883 2102 1076 2183 Pausanias,
1100 2103 1149 2186 ll,
1171 2105 1235 2188 30,

171 2233 245 2274 curn
266 2206 423 2273 Diomede
443 2209 533 2272 illum
551 2209 686 2296 Argivos
706 2204 748 2271 ad
762 2208 891 2287 'frojam
908 2206 1037 2272 duxisse
1052 2208 1097 2274 ait
1117 2233 1156 2273 ex
1172 2211 1238 2274 Ho-

172 2315 251 2378 meri
268 2315 356 2378 Iliad.
375 2314 423 2396 11,
440 2335 486 2378 vs.
497 2314 578 2395 564,
590 2313 736 2400 quamvis
754 2314 806 2378 ille
821 2329 930 2400 posset
944 2312 1035 2394 alter,
1052 2330 1085 2378 ct
1098 2315 1182 2379 lorte
1196 2339 1235 2380 ex

171 2422 242 2502 ejus
266 2421 418 2510 posteris,
444 2421 563 2484 luisse:
594 2443 669 2484 narn
697 2437 730 2484 et
759 2420 872 2484 iratres
897 2418 1041 2498 ejusdem
1069 2420 1234 2504 Mecistei,

171 2525 324 2591 Adrastus
349 2543 382 2590 et
406 2525 677 2613 parthenopeus,
706 2526 763 2613 qui
787 2526 851 2590 fuit
874 2528 959 2589 inter
982 2541 1105 2614 septem
1135 2526 1236 2592 duces

171 2648 283 2696 contre
306 2632 433 2696 Thebas
459 2632 677 2719 (quamquam
704 2631 975 2719 Parthenopaeum
998 2633 1236 2719 Apollodotus,

172 2737 226 2800 lib.
240 2739 286 2818 ΙΙ,
305 2759 373 2823 cap.
389 2737 425 2816 6,
441 2746 456 2812 ς
469 2735 501 2816 3,
514 2737 608 2800 faciat
625 2734 819 2800 Melanionis
834 2734 936 2800 lilium
947 2760 955 2815 3
968 2734 1025 2799 sed
1040 2737 1175 2804 Pansam
1186 2741 1239 2821 ΙΙ,

173 2865 233 2920 ao,
249 2857 282 2904 et
296 2843 358 2920 IX,
375 2841 428 2922 18,
441 2841 556 2928 Talai),
571 2857 604 2904 et
616 2862 710 2904 soror
725 2840 895 2928 Eriphyle,
908 2857 1010 2928 nuptu
1025 2842 1237 2930 Amphiarao,

172 2949 228 3035 qui
247 2946 349 3011 eidem
373 2946 634 3011 bello-interfuit.
657 2947 766 3028 Quare
781 2944 808 3008 si
827 2961 936 3022 noster
954 2946 1016 3011 luit
1031 2945 1114 3012 lilius
1135 2949 1235 3014 Meci·

171 3053 247 3133 atei,
261 3052 357 3116 simul
371 3073 471 3139 nepos
488 3075 563 3116 cum
575 3075 634 3116 avo
645 3052 743 3116 Talao
753 3066 786 3116 et
800 3049 931 3114 duobus
946 3052 1115 3116 avunculis
1131 3054 1232 3133 majo·
1360 3075 1365 3085 ·

173 3159 277 3240 ribus,
297 3158 391 3222 Areio
407 3174 440 3222 et
458 3155 627 3239 Leodoco,
652 3157 850 3222 interfuisset
871 3156 948 3222 huic
969 3156 1184 3244 expeditioui3
1204 3179 1236 3225 et

172 3279 245 3352 post
258 3263 395 3342 Trojano
415 3279 559 3350 tempora
575 3262 690 3326 vixisse
706 3262 795 3328 hunc
813 3260 920 3324 adhuc
937 3259 1131 3346 Euryalum,
1148 3281 1235 3353 patet

174 3393 210 3434 ex
232 3369 367 3432 Pausan.
385 3367 434 3448 Il,
456 3367 510 3449 18,
533 3367 559 3432 si
584 3367 769 3432 conseratur
792 3389 866 3432 curu
890 3391 959 3456 cap.
987 3367 1052 3432 30:
1081 3392 1156 3435 nam
1182 3371 1235 3437 ille

176 3491 264 3540 tutor
276 3463 433 3562 Gyanippi
448 3474 526 3554 luit,
538 3473 594 3560 qui
607 3497 625 3537 a
638 3474 759 3554 Biante,
773 3475 985 3561 Amythaonis
999 3473 1077 3557 filio,
1090 3477 1237 3566 quinque

174 3595 279 3642 aetates
295 3578 444 3644 distabat.
459 3578 565 3642 Alium
576 3579 755 3665 Euryalum
767 3579 912 3666 Neptuni
929 3595 962 3643 et
979 3579 1117 3670 Euippes
1133 3581 1235 3651 lilium

175 3701 331 3748 memorat
347 3683 553 3763 Parthenius,
568 3683 686 3746 Erotic.
707 3681 746 3762 3,
769 3681 826 3746 sed
847 3698 879 3746 et
897 3682 950 3747 illc
965 3699 1112 3772 tempore
1128 3707 1237 3775 poste.

173 3789 249 3854 rior.
270 3787 487 3878 Apollodorus
505 3788 600 3852 etiam
616 3787 699 3851 libro
711 3787 779 3869 ΙΙΙ,
797 3809 866 3874 cap.
884 3811 917 3875 7,
935 3797 950 3864 s
965 3812 1001 3871 2,
1016 3789 1101 3855 inter
1114 3793 1236 3884 Epigo.

175 3917 235 3958 nos
252 3909 396 3960 recenset
414 3894 622 3981 Eurypylum,
641 3893 792 3956 llllecestei
807 3893 929 3976 lilium,
947 3893 1002 3958 ubi
1017 3913 1103 3960 certe
1116 3899 1240 3985 Eurya-

175 3999 242 4064 lum
260 4001 363 4088 legere
379 4015 525 4088 proestat,
540 4018 576 4064 ut
592 3999 678 4064 idem
695 3999 779 4063 inter
791 3999 956 4088 Epigonos
971 4016 1003 4064 et
1015 4001 1144 4082 Trojaui
1163 4005 1238 4070 belli

177 4103 276 4169 doces
298 4121 493 4170 memoratus
513 4105 629 4186 luerit3
652 4102 764 4170 itidem
784 4120 821 4168 ut
841 4103 1035 4182 Diomedes,
1057 4108 1110 4172 cui
1132 4108 1241 4198 jungit
