2994 4702
568 381 943 450 ARGONAUTICAs
1229 379 1291 446 303

306 519 498 584 Admonitus
514 517 608 598 iubet
620 517 674 582 hic
696 518 832 584 Ancaeus
849 513 986 580 candida
1006 515 1110 580 multo

266 632 595 724 Stringerefldemissis
610 632 761 696 antennis
778 631 908 698 narbam
926 653 1027 712 nexu,

261 749 386 816 Malum
404 771 532 838 mqraare
548 747 626 829 nati,
650 747 854 836 puppimque
872 745 1037 834 impellere
1052 746 1159 810 remis.

261 866 421 932 Fluminis
439 881 472 932 at
484 881 661 956 postquam
677 862 851 952 tranquilla
869 882 998 950 perora
1012 860 1133 949 recepti
1254 875 1292 926 7⁵⁵

262 982 421 1048 Venimus
436 981 530 1063 hinc,
549 981 653 1046 muris
664 977 767 1046 AEetoe
783 978 890 1043 cineta
908 975 1056 1066 superbis

264 1098 365 1188 Regia
383 1113 558 1187 spectatur,
575 1117 691 1160 nemus
709 1108 742 1158 et
758 1117 825 1182 quo
846 1092 964 1158 vellere
981 1091 1072 1181 pellis

262 1213 368 1277 Fulvo
386 1211 564 1301 glaudinem
579 1210 653 1300 fago
668 1229 826 1298 suspensa
840 1207 972 1272 nitebat.

260 1327 315 1392 Sia
329 1327 376 1392 illi
393 1326 444 1391 his
460 1325 587 1392 eunom
600 1325 718 1392 intenti
734 1323 832 1390 rebus
848 1321 996 1412 agebant.

189 1499 193 1505 .
304 1445 346 1508 At
363 1463 474 1508 secum
489 1439 664 1508 AEsonides
681 1439 793 1504 animo
812 1461 911 1526 qnam
930 1438 1033 1502 multa
1051 1437 1218 1518 volutans,
1252 1453 1292 1506 7⁶⁰

260 1554 312 1620 Ad
329 1555 458 1646 Minyas
474 1553 558 1620 fidos
574 1556 661 1620 oomi
677 1555 725 1622 sic
740 1577 820 1621 roos
841 1553 1019 1642 loquutus:

261 1669 394 1734 Praestet
408 1691 448 1734 an
466 1667 569 1734 AEetae
585 1691 760 1758 propa-rare
776 1666 818 1732 ad
835 1667 953 1754 moenia
969 1665 1075 1731 solum

261 1784 315 1849 Ab
330 1783 478 1873 reliquis,
496 1783 685 1873 blandoque
697 1783 826 1849 homini
840 1778 976 1846 suadere
990 1778 1130 1860 laboret,

261 1900 313 1964 An
334 1921 446 1964 secum
464 1899 559 1964 sociis
574 1898 696 1979 junctis
713 1895 870 1962 heroibus
885 1895 956 1960 iret

303 2016 388 2082 'hun
403 2037 481 2080 vero
496 2014 586 2080 haud
600 2013 722 2104 placuit
735 2011 855 2102 Minyis
872 2011 919 2076 ire
937 2011 1091 2076 omnibus
1106 2032 1182 2075 una.
1251 2025 1289 2078 2⁶⁵

260 2126 401 2194 Iusserat
415 2128 480 2193 hoo
493 2129 581 2194 enirn
594 2129 680 2194 luno
695 2129 838 2192 formosa
853 2126 1004 2192 timentes

260 2245 522 2334 Cunctantetque
534 2267 609 2316 suas
625 2245 700 2310 fatis
714 2243 904 2334 permittere
920 2243 1077 2324 habenas;
1134 2301 1140 2310 .

260 2358 343 2442 Quas
357 2359 424 2424 cito
440 2361 638 2426 tuno¹etiam
657 2359 734 2424 ferri
750 2381 809 2447 per
824 2357 951 2424 somnia
963 2357 1060 2438 jussit

260 2472 362 2538 AEete
379 2475 530 2558 exitium3
547 2475 725 2540 vehemens
740 2475 818 2539 hinc
832 2473 983 2562 pauninus
998 2495 1134 2538 omnem

200 2633 206 2636 -
259 2588 408 2678 Regalem
426 2611 503 2654 oum
522 2605 632 2654 mente
648 2589 785 2654 domurn
803 2603 1013 2654 concusserat
1028 2589 1161 2653 horror.
1210 2628 1214 2639 ·
1250 2619 1289 2657 πο

258 2701 354 2767 Visus
371 2703 459 2766 enim
474 2720 619 2791 spectare
633 2703 696 2768 sibi
713 2719 763 2768 est
776 2725 815 2768 ex
828 2703 947 2768 aethere
959 2725 1090 2768 summo

258 2817 456 2905 Praefulgens
475 2818 555 2883 caris
574 2818 770 2884 occumbere
785 2817 919 2906 virginis
935 2833 1059 2884 astrum

259 2930 383 2996 Medeae
399 2932 433 2994 in
453 2932 597 3013 sinibus,
616 2932 747 3022 propria
765 2953 865 3019 quam
882 2933 1005 2998 nutriat
1022 2933 1103 2996 aula.

258 3047 316 3112 llla
331 3063 440 3112 autem
459 3049 557 3136 peplo
576 3065 726 3138 accepto,
745 3047 916 3138 gavisaque
934 3064 1002 3112 tota

258 3162 370 3227 Mente
387 3164 493 3227 ferens
508 3162 605 3245 illud,
621 3164 722 3228 latum
736 3163 884 3252 pervenit
900 3161 942 3226 ad
960 3185 1089 3228 amnem
1246 3185 1284 3236 ηε

258 3277 434 3361 Phasidos3
449 3293 497 3344 ast
510 3293 640 3368 raptum
655 3277 745 3343 fluvii
758 3279 825 3359 jam
842 3276 996 3342 fluetibus
1011 3293 1133 3341 astrum
1163 3329 1168 3340 .

258 3394 402 3486 Longius
415 3395 535 3460 Euxini
550 3395 643 3484 ponti
658 3395 700 3462 de
718 3395 812 3462 litore
831 3381 918 3461 terriss

299 3507 388 3572 Talia
407 3529 466 3596 per
484 3531 638 3574 somnum
656 3509 786 3574 fuerant
803 3509 861 3574 ubi
880 3510 966 3590 visa,
989 3525 1121 3598 repente

256 3621 409 3711 Erigitur,
425 3622 622 3714 Stygiasque
636 3639 760 3692 tremor
771 3625 836 3705 jam
849 3641 963 3714 pectus
980 3623 1104 3689 obibat.

256 3735 382 3799 Exsiliit
401 3751 518 3818 strato,
535 3738 676 3802 famulos
689 3737 754 3817 jam
772 3739 864 3804 frena
876 3737 1012 3820 jubebat
1249 3764 1288 3815 ,ευ

257 3851 437 3916 Constratis
454 3852 625 3942 imponere
640 3854 750 3945 equis,
768 3871 801 3919 et
814 3854 952 3943 jungere
968 3876 1100 3935 currus,

257 3964 301 4027 Ut
322 3967 457 4031 veniens
473 3967 579 4056 placet
596 3969 752 4056 peramati
773 3967 917 4034 fluminis
936 3967 1041 4034 undas

186 4101 189 4108 ¹
256 4077 429 4159 Phasidos,
447 4096 545 4168 atque
560 4082 622 4170 ipsi
641 4083 759 4170 patrias
776 4105 850 4146 cum
869 4083 996 4172 gurgite
1012 4083 1196 4170 Nymphas,
