2994 4702
544 353 930 418 ARGONAUTICA.
1213 353 1272 414 311

246 487 373 551 Vellem
388 484 578 566 detrahere;
596 487 751 551 accelerat
764 508 831 549 non
847 484 953 574 segnis
965 485 1078 565 Iason,

244 601 463 689 Exceptteque
479 599 624 664 humeris
645 599 709 665 fert
721 599 865 689 pondera
882 599 974 689 pellis
988 597 1030 662 ad
1048 601 1145 688 Argo.

243 714 415 779 Exsultant
430 711 550 802 Minyae
566 714 701 797 heroes,
718 713 847 802 alteque
862 714 1011 778 levarunt

243 827 295 893 Ad
314 829 430 894 caelum
445 849 649 918 superosque
666 851 782 894 manus
799 847 831 894 et
850 829 955 894 sidera
975 831 1119 910 junctas;

245 945 371 1008 Vellera
392 945 437 1008 sie
454 943 499 1006 ilii
513 945 732 1010 circumstant.
748 937 901 1010 Protinus
920 967 998 1034 ergo

245 1057 393 1124 Medeam
409 1081 428 1123 e
446 1059 546 1124 serris
564 1057 674 1124 AEetes
689 1059 782 1124 audit
800 1059 913 1124 abisse.

245 1173 331 1238 Hinc
346 1189 440 1239 rotat
451 1175 651 1264 Absyrtum,
666 1177 893 1264 populumque
910 1191 943 1238 et
958 1173 999 1237 ad
1012 1195 1101 1238 arma
1111 1193 1245 1252 vocare,

244 1289 512 1380 Germanumque
530 1311 596 1356 una
613 1291 669 1355 dat
682 1313 825 1380 quoerere
840 1291 929 1371 jussa
946 1307 1103 1365 sororem.
1226 1307 1273 1344 101⁵

288 1403 445 1472 Phasidos
465 1406 492 1471 is
507 1407 620 1496 rapido
639 1427 752 1496 gressu
769 1406 964 1495 properabat
982 1403 1024 1469 ad
1040 1404 1164 1485 undas,

244 1521 433 1609 Heroasque
448 1523 547 1610 petit,
566 1521 670 1586 audax
686 1515 750 1585 ubi
762 1522 853 1611 virgo
874 1537 1009 1609 reperta.

244 1635 286 1698 Et
295 1635 362 1716 jam
378 1658 444 1700 nox
461 1635 583 1701 medias
599 1658 699 1702 eursu
722 1651 920 1726 transegerat
937 1636 1087 1715 umbras,

244 1750 357 1831 Quum
372 1747 487 1816 Medea
502 1750 584 1816 dolis
597 1753 774 1833 instructa,
795 1767 827 1815 et
841 1752 1008 1818 amoribus
1026 1750 1156 1830 ardens,

193 1855 197 1864 ’
243 1864 387 1929 Exitium
406 1863 497 1930 fratri
513 1865 653 1954 Absyrto
672 1865 848 1932 meditatur
866 1867 1038 1953 iniquum;

243 1981 285 2045 Et
300 2001 419 2046 oresum
435 1981 517 2045 vasti
530 1974 655 2062 jaciunt
668 1983 701 2046 in
725 1980 869 2046 fluminis
892 1980 1014 2061 undas,

243 2094 380 2188 Gurgite
399 2119 497 2186 quem
512 2117 676 2181 mersum,
695 2098 828 2186 rapiunt
847 2097 1003 2162 Nereides
1018 2099 1105 2176 alto,

243 2209 341 2274 Illum
356 2227 465 2276 autem
482 2213 571 2276 saevis
589 2231 607 2275 e
623 2211 776 2277 fluctibus
794 2213 899 2276 insula
916 2211 1048 2277 tandem

244 2324 378 2389 dliisum
395 2327 540 2414 excepit,
562 2341 660 2414 quam
677 2349 767 2390 nuno
785 2326 958 2414 Absyrtida
974 2326 1097 2390 dicunt.
1219 2263 1237 2406 Ι

244 2437 306 2504 Sed
320 2459 427 2528 neque
439 2441 503 2521 fas,
518 2459 626 2529 neque
637 2455 755 2506 cuncta
768 2433 867 2506 deum
882 2441 1004 2506 latuere
1017 2440 1192 2506 ridentem.
1224 2458 1273 2494 ιω

242 2555 337 2623 Tune
349 2578 490 2644 propere
505 2557 654 2620 insiliunt
666 2558 820 2648 puppim,
836 2557 989 2644 ferroque
1003 2556 1158 2622 rudentes

243 2671 405 2758 Utrinque
420 2671 617 2736 abscindunt
630 2672 767 2759 trepidi,
791 2673 847 2740 sed
863 2672 976 2737 devius
993 2691 1078 2738 errat

127 2972 131 2982 Ι
243 2902 270 2962 A
286 2915 389 2988 ponto
404 2900 535 2980 avertit,
551 2921 612 2964 nee
631 2897 775 2963 fluminis
795 2921 851 2963 ora
871 2900 1026 2965 deorsum

244 3015 431 3098 Posuimus,
456 3036 494 3079 ac
513 3016 632 3079 scelere
650 3014 785 3080 obducti
809 3017 967 3080 contraria
987 3014 1072 3079 duro
1187 3045 1191 3054 ·

243 3131 391 3220 Remigio
416 3131 542 3194 sulcant
563 3130 687 3196 Colcho
711 3131 826 3194 tellure
849 3131 958 3195 relicta
1043 3151 1070 3224 J
1224 3151 1272 3186 1⁰³0

243 3246 416 3337 Lymphati
429 3243 566 3334 Minyae,
587 3265 753 3334 ooecosque
769 3235 932 3334 profunda
949 3247 1067 3335 premit
1084 3269 1167 3327 nox,

243 3363 285 3426 Et
303 3361 427 3427 medios
443 3359 561 3426 fluetus
577 3361 668 3425 stulti
682 3345 852 3451 ignarique
867 3362 1015 3425 looomm

192 3485 195 3492 '
243 3477 434 3556 Currimus3
452 3493 485 3541 at
500 3475 569 3540 ioca
586 3477 681 3565 plena
697 3477 811 3542 colunt
824 3499 861 3541 ea
875 3478 1012 3542 maxima
1028 3477 1151 3541 circum

244 3591 382 3680 Gymni,
401 3593 664 3680 Buonomaeque,
685 3607 718 3655 et
734 3609 873 3681 agrestes
891 3595 1010 3681 Arcyes
1027 3613 1109 3674 una,
1205 3577 1209 3588 ’

242 3715 474 3804 Cerceticique,
489 3717 581 3782 ferox
594 3737 631 3782 en
648 3737 746 3806 gens,
759 3717 907 3806 Sintique
924 3715 1074 3806 superbi,
1221 3735 1270 3773 10³⁵

166 3881 170 3890 ·
241 3839 355 3928 Sparsa
372 3837 582 3905 Charandaeas
600 3861 659 3929 per
674 3840 770 3904 valles
785 3857 869 3906 tecta
885 3841 1092 3928 frequentant

241 3964 414 4028 Caucaseos
432 3963 523 4043 juxta
540 3987 654 4053 rupes,
672 3980 858 4054 arctamque
876 3965 1055 4054 Erythiam.

285 4078 348 4142 Sed
365 4101 467 4166 quum
486 4103 580 4144 mane
595 4081 716 4146 rubens
734 4079 821 4146 orbis
839 4081 999 4168 proferret
1012 4081 1100 4144 Eous
