2994 4702
562 382 925 464 lneous‘urrcs.
1220 399 1283 464 ³13
1382 359 1387 371 “

251 531 375 598 Pontus
395 529 614 619 Hyperboreis
632 553 652 594 a
670 529 843 620 gentibus,
860 546 893 594 et
914 549 1003 594 marc
1020 528 1210 614 Mortuum3

253 646 349 711 Unde
367 645 463 710 etiam
483 644 585 736 letum
598 645 746 735 brgiendi
760 643 849 708 nulla
863 643 930 714 fuit,
942 666 1033 733 spes,

251 761 295 826 Ni
310 761 448 851 puppim
461 759 573 825 validis
586 761 723 824 Anoaeus
739 758 863 823 viribus
879 774 999 841 actam,

251 878 389 942 Innixus
411 876 548 966 pulchra
564 874 752 940 temonibus
772 891 840 938 arte
857 871 990 956 dolatis,

252 993 376 1058 Dextra
393 993 551 1082 coegisset
565 1012 698 1056 cursum
715 1011 773 1078 per
788 989 884 1054 litora
900 988 995 1054 ferre.
1234 1008 1284 1060 ¹⁰⁷⁵

254 1106 388 1172 Prosilit
399 1107 479 1171 hinc
493 1105 630 1197 geminis
645 1103 776 1170 sudanti
789 1103 911 1192 remige
926 1103 1062 1192 palmis3

252 1219 317 1286 Sed
333 1218 474 1284 domitos
490 1221 590 1309 longo
605 1240 772 1284 remorum
788 1216 932 1306 denique
946 1217 1044 1306 pulsu

156 1334 159 1340 ’
252 1332 436 1422 linquebat
444 1333 512 1415 jam
525 1332 609 1398 fessa
627 1353 758 1416 manus,
771 1333 838 1414 jam
855 1333 957 1398 tristia
969 1331 1088 1415 eorda,

254 1447 454 1536 Bracbiaque
468 1449 503 1512 in
518 1469 638 1512 nexum
655 1447 771 1514 durata
786 1447 895 1512 fronte
910 1447 1085 1539 plicemus3

253 1561 402 1650 Torquet
415 1561 498 1628 dura
510 1561 629 1647 fumes,
648 1578 681 1628 et
695 1562 799 1629 sudor
812 1563 937 1628 multus
954 1563 1099 1629 anhelos.
1235 1585 1286 1624 10⁸0

253 1677 340 1742 Tum
353 1677 438 1742 saltu
452 1677 577 1768 rapitur
593 1677 635 1744 de
650 1701 761 1768 puppe
776 1682 934 1762 Ancoeus,
952 1696 984 1745 et
1001 1701 1116 1744 omnes

252 1789 408 1855 Mollibus
427 1792 578 1857 hortatur
594 1793 710 1857 heroas
729 1791 829 1858 fidere
843 1793 963 1859 verbis.

255 1905 324 1988 Qui
340 1921 515 1994 postquam
533 1929 609 1972 cum
624 1928 735 1998 puppe
751 1908 861 1973 locum
879 1924 1016 1973 tenuere
1036 1909 1230 1998 palustrem,

254 2017 294 2082 ln
316 2042 405 2086 mare
427 2019 469 2086 de
489 2043 618 2087 summa
633 2021 753 2088 saliunt
767 2045 827 2111 per
839 2022 935 2088 litora
949 2023 1040 2107 navi,

254 2133 402 2200 Funibus
418 2157 455 2202 ac
471 2136 586 2202 subito
595 2137 701 2227 longis
719 2159 738 2200 a
752 2158 863 2226 puppe
879 2136 1022 2202 reductis
1058 2157 1061 2167 “
1236 2151 1285 2192 1⁰⁸⁵

254 2249 409 2316 Extremo
426 2273 585 2316 annexam
602 2250 772 2317 deducunt
787 2251 929 2316 molliter
947 2254 1034 2342 Argo

257 2367 361 2458 Argus
379 2382 412 2430 et
431 2346 587 2449 Anoleus,
603 2367 723 2456 Minyis
740 2365 819 2432 dant
837 2365 956 2460 deinde
968 2366 1123 2433 rudentes

255 2479 454 2546 Tendentlos
470 2481 622 2570 reliquis3
642 2482 774 2570 rapiunt
789 2503 849 2570 per
866 2482 961 2546 litora
973 2503 1072 2546 cursu

255 2593 407 2678 Veloces,
424 2596 636 2684 sequiturque
654 2596 725 2661 illos
743 2617 812 2661 non
831 2595 922 2660 tarda
936 2596 1064 2677 carino,

254 2709 513 2798 Stagnantesque
530 2707 635 2774 undas
651 2708 798 2798 lapidoso
813 2709 848 2772 in
864 2709 960 2774 litore
976 2711 1087 2774 sulcat
1237 2737 1287 2776 ¹⁰⁹⁰

255 2823 406 2910 Namque
418 2822 500 2887 illud
514 2823 595 2888 nulli
611 2821 735 2886 feriunt
749 2821 947 2911 spirantibus
963 2823 1051 2888 auris

256 2935 413 3000 Indomiti
427 2935 560 3026 pelagus
577 2937 665 3000 venti
680 2959 690 3019 ς
707 2951 829 3024 perstat
847 2958 936 3000 mare
950 2935 1104 3020 surdum,

257 3051 418 3140 Dictaque
433 3073 508 3140 pars
521 3051 664 3133 Helices,
678 3067 711 3116 et
723 3050 868 3140 Tethyos
880 3050 994 3114 ultima
1006 3051 1108 3140 regni.

302 3169 361 3232 Ast
376 3165 435 3232 ubi
451 3183 540 3231 sexta
555 3165 624 3232 dies
640 3188 734 3232 roseo
751 3189 827 3231 cum
843 3165 968 3231 lumine
989 3167 1095 3249 venit,

258 3280 414 3348 Venimus
428 3281 470 3348 ad
483 3281 585 3364 dites,
607 3282 763 3371 omnique
780 3304 819 3346 er
839 3295 931 3369 parte
945 3281 1057 3346 beatos
1238 3293 1287 3346 ¹⁰⁹⁵

258 3389 461 3480 Macrobios,
478 3396 604 3462 facilem
622 3397 680 3485 qui
695 3396 794 3462 vitam
810 3395 844 3459 in
862 3395 959 3484 longa
974 3375 1140 3460 trabentes

258 3513 391 3596 Secula,
407 3513 556 3578 millenos
573 3512 711 3601 implent
727 3510 864 3576 feliciter
877 3533 998 3594 annos,

259 3625 425 3691 Immunes
441 3627 577 3715 vitiique
595 3625 718 3708 omnis,
734 3627 896 3715 sortisque
916 3627 1074 3717 malignas.

260 3747 382 3813 Verum
398 3747 456 3812 ubi
473 3748 582 3813 fatales
598 3765 769 3836 oequaruut
782 3763 929 3836 ternpore
945 3749 1076 3831 Parcas,

259 3861 345 3924 'l'um
361 3883 479 3926 somno
500 3863 633 3951 capiunt
649 3877 683 3926 et
700 3860 787 3926 dulci
804 3879 910 3926 morte
929 3863 1082 3950 quietem.

260 3973 335 4038 Non
353 3972 414 4038 illis
429 3974 604 4040 bominum
618 3993 697 4040 sunt
712 3976 777 4039 ulla
791 3974 921 4065 negotia
937 3997 1041 4057 curae3

262 4086 326 4153 Sed
341 4088 472 4178 capiunt
492 4089 668 4178 dulcesque
686 4091 776 4156 cibos
793 4087 999 4155 terrestribus
1016 4087 1143 4167 herbis,
