2994 4702
235 361 299 426 306
667 355 859 421 ORPHEl

276 491 351 554 Nou
369 488 489 552 invicta
504 486 619 552 darent
635 486 836 555 Colchorum
852 503 985 575 pectora
1002 509 1121 575 poenas.

322 605 419 668 Nunc
435 618 562 682 autem,
579 602 718 682 Musaue,
736 601 795 668 tibi
813 601 1039 690 praestrinxero
1058 602 1165 668 moesti

276 719 391 802 Qualia
407 716 601 807 pertulerint
619 715 756 804 Minyae,
776 732 846 779 tum
865 716 950 805 regis
963 715 1004 780 ab
1020 716 1093 781 aula

275 835 377 900 AEetae
391 833 520 898 rediens
539 855 670 922 pugnax
684 854 757 918 quae
776 831 894 898 dixerit
910 827 1031 921 Argus,

276 951 385 1034 Quem
399 948 533 1037 Phryxo
549 945 590 1010 de
607 962 698 1034 patre
714 946 789 1010 tulit
806 946 870 1012 sibi
883 947 996 1028 juncta
1012 947 1118 1035 puella

275 1064 449 1152 Chalciope
466 1063 499 1126 in
519 1060 627 1151 patriis
642 1059 779 1142 laribus,
796 1083 863 1148 quo
881 1077 1027 1156 tempore
1044 1078 1156 1126 vectus

272 1179 390 1247 Arietis
409 1179 442 1242 in
458 1193 550 1266 tergo
567 1174 766 1243 Colchorum
786 1175 827 1238 ad
844 1175 941 1241 litora
954 1177 1054 1240 venit.

273 1293 410 1358 Nuntiat
426 1291 480 1357 bic
496 1289 617 1379 Minyis
633 1311 705 1376 quae
723 1304 801 1352 sunt
815 1305 954 1354 ventura
970 1290 1103 1379 superbi

272 1409 414 1475 Stultitia
429 1407 531 1474 AEetae
547 1407 702 1472 scelerato
720 1421 752 1470 et
770 1421 900 1494 pectore
917 1407 1018 1496 regis3

271 1526 381 1613 thue
397 1522 532 1612 puellari
547 1521 659 1586 infelix
676 1535 792 1584 uratur
808 1543 919 1584 amore

270 1640 400 1722 Medea,
424 1655 522 1727 atque
538 1653 610 1702 astu
626 1636 765 1701 lunonis
783 1652 878 1725 capta
894 1635 1036 1702 feratur:

270 1757 419 1843 Namque
439 1751 623 1842 Cupidineo
643 1767 776 1840 torquet
790 1752 901 1816 Venus
916 1752 991 1840 igne
1005 1751 1180 1832 medullas,

213 1918 220 1928 -
274 1871 489 1957 proximaque
505 1867 590 1932 hano
608 1867 726 1956 Stygio·
737 1867 803 1932 telo
820 1867 944 1950 trajecit
957 1868 1115 1957 Erinnys3

268 1989 380 2074 thue
397 1986 496 2048 boves
516 1984 625 2072 ignem
645 1983 803 2070 spirantes
820 1983 881 2046 sub
895 1981 975 2072 juga
992 1984 1079 2048 misit

270 2099 478 2184 Quadrilida;
497 2113 535 2162 ut
551 2097 643 2162 sulco
658 2095 796 2178 dederit,
816 2120 888 2186 qum
903 2098 1027 2162 semina
1043 2098 1193 2187 Phryxus

269 2219 436 2298 Cesserat,
450 2214 552 2285 AEetae
566 2214 698 2279 veniens
715 2213 853 2280 bellator
868 2214 908 2281 ad
925 2215 1049 2297 aulam,

266 2331 466 2422 Auguigenis
483 2329 594 2396 dotem
611 2328 766 2396 bellacum
784 2352 802 2396 e
818 2329 971 2396 dentibus
987 2346 1107 2414 actam;

268 2449 408 2515 Exosam
425 2461 463 2510 ut
481 2461 622 2533 segetem
640 2467 785 2512 summas
803 2443 924 2510 occidit
940 2446 1051 2512 aristas

267 2543 411 2626 Funesta
424 2557 540 2623 Medea
559 2579 674 2640 manu,
692 2547 749 2622 sed
766 2559 867 2648 gloria
883 2559 959 2624 facti

267 2675 407 2741 Cesserit
419 2672 603 2756 AEsonidae3
617 2673 759 2738 tenebris
776 2689 813 2738 ut
830 2676 935 2740 noctis
952 2697 1059 2763 opacae

266 2791 400 2856 Venerit
415 2789 564 2854 infaustis
581 2788 671 2877 pullo
690 2789 848 2854 velamine
863 2805 947 2854 tecta

266 2907 442 2995 Auspiciis,
458 2905 572 2973 furtim
587 2902 726 2970 flammae
744 2903 818 2970 data
836 2905 929 2994 virgo
943 2905 1081 2985 furenti,

269 3023 312 3087 Et
327 3022 420 3110 petiit
436 3021 553 3085 celsam
572 3021 644 3086 fatis
662 3019 857 3110 urgentibus
872 3021 978 3110 Argo,

269 3139 383 3220 Quum
407 3136 529 3200 nullius
549 3152 617 3202 erat
636 3157 705 3199 non
721 3136 776 3203 irae
793 3159 870 3200 cura
888 3153 1046 3224 paternae3

267 3255 312 3317 Ut
330 3252 496 3341 complexa
511 3251 572 3315 viri
588 3249 750 3314 formosos
770 3252 907 3316 nexibus
923 3269 1032 3333 artus,
1143 3243 1148 3248 ⁵

267 3370 467 3455 Pectoraque
483 3381 658 3433 attrectans
676 3365 812 3449 blande,
837 3367 947 3434 oscula
963 3367 1031 3432 lixit
1049 3368 1185 3448 amanti,

264 3485 465 3548 Humectans
486 3479 637 3569 lacrymis
657 3481 882 3569 stagnantibus
898 3505 969 3563 ora,
988 3480 1161 3571 pudorque

266 3597 403 3677 Omnis,
426 3616 537 3660 amore
552 3593 632 3675 viri,
649 3595 764 3676 cessit,
782 3618 1000 3684 percussaque
1016 3596 1161 3683 philtris,

262 3711 455 3801 virgineum
471 3710 582 3782 stravit
599 3733 736 3798 poscens
754 3710 922 3799 hymenaee
939 3711 1119 3800 pudorem3

263 3829 360 3894 Plura
377 3826 491 3907 etiam;
509 3825 567 3890 sed
580 3848 720 3914 quaeque
735 3848 796 3892 suo
816 3849 893 3892 mcx
909 3824 1025 3891 ordine
1042 3825 1156 3892 disces.

308 3943 395 4032 Ergo
412 3941 471 4006 ubi
489 3957 570 4007 tecta
589 3941 680 4006 ferox
698 3941 811 4006 Medea
828 3959 961 4031 paterna
975 3941 1121 4030 reliquit,

261 4061 359 4124 Venit
375 4075 408 4123 et
423 4057 463 4124 ad
481 4059 618 4148 puppim
633 4081 747 4149 gressu
761 4082 918 4147 suspensa
935 4061 1063 4140 latenti,
