3006 4676
552 347 938 416 Anconsurtcs.
1221 347 1284 434 295

257 479 381 546 Eudori
397 479 538 570 AEnippe
552 482 677 570 peperit
695 482 837 546 formosa
852 481 969 568 puella.

301 595 363 660 Hic
380 595 481 686 igitur
496 617 608 662 mensa
621 597 748 686 Minyas
766 596 855 664 fovet
868 595 997 684 hospite
1014 611 1166 674 cunctos,

257 709 510 799 Flexipedesque
525 711 645 793 bores,
663 712 867 802 pinguesque
880 709 938 776 dut
950 733 1019 776 esse
1032 709 1211 790 juvencos,
1251 729 1288 768 too

259 827 471 916 Agrestesque
488 847 582 904 sues,
599 843 633 891 et
647 827 738 894 rubri
754 827 872 916 pocula
886 827 973 908 vini,

215 959 217 966 ·
259 943 300 1005 Et
314 963 436 1031 panum
454 942 604 1006 cumulos
622 941 711 1008 dono
728 941 784 1008 dat
798 943 883 1008 ierne
900 965 958 1032 per
973 943 1087 1008 altum.

258 1059 395 1146 Insuper
410 1072 445 1120 et
459 1073 584 1139 vestes,
598 1057 741 1139 tunicas,
757 1059 927 1148 pictosque
944 1073 1075 1146 tapetes.

260 1171 392 1236 Fecerat
411 1173 512 1237 estatis
528 1173 673 1261 perillus
689 1173 790 1262 grstia
806 1195 917 1254 carus,

259 1287 486 1376 Appositisque
501 1309 601 1354 sunm
613 1303 661 1354 est
674 1287 813 1376 dapibus
830 1302 965 1354 testatus
981 1310 1136 1352 eruorem.
1250 1307 1288 1344 ⁵0⁵

303 1401 366 1466 Sed
382 1417 555 1491 postquam
572 1402 694 1467 Oceani
707 1402 801 1468 latuit
818 1402 867 1466 sol
884 1423 1010 1470 mersus
1026 1402 1060 1474 in
1077 1401 1191 1484 undis,

257 1517 414 1605 Lunaque
431 1533 630 1582 nocturnum
646 1517 746 1582 stellis
763 1515 891 1582 induxit
903 1515 1086 1598 honorem,

259 1631 388 1697 Prosilit
401 1633 526 1698 Arctois
542 1631 650 1721 pubes
663 1649 744 1698 tune
762 1631 879 1700 Mutia
897 1631 1000 1713 silvis,

258 1745 495 1834 Persimilisqne
510 1746 587 1812 seris
603 1746 699 1812 iacies
719 1746 782 1812 fuit
794 1744 946 1827 horrida,
966 1747 1078 1834 quales

166 1847 168 1856 ¹
257 1861 387 1926 'l'itanns
401 1861 565 1942 referunt,
578 1861 716 1928 iuxtave
732 1861 830 1928 tuisse
844 1861 1008 1950 Gigantes.

258 1974 340 2040 Nam
354 1997 410 2040 sex
423 1975 543 2064 cuique
556 1976 683 2044 inerant
695 1997 772 2043 curn
787 1974 879 2044 duris
896 1975 1026 2042 brachia
1043 1974 1173 2040 dextris.

259 2091 350 2172 Quos
369 2091 466 2154 simul
484 2107 521 2156 ut
538 2105 631 2154 torro
647 2089 801 2156 viderunt
818 2090 942 2158 lumine
958 2111 1066 2180 reges,

259 2204 296 2267 ln
313 2226 458 2292 pugnam
472 2218 505 2269 et
521 2203 621 2270 durus
639 2222 811 2271 assumunt
824 2227 914 2270 arma
929 2205 1065 2268 labotes.

257 2321 451 2411 Pugnabant
466 2323 511 2387 illi
527 2322 626 2412 piceis
642 2323 807 2412 hastisque
820 2323 984 2411 abiegnis;

260 2438 299 2501 Et
317 2438 443 2528 Minyas
457 2439 599 2504 tenebris
615 2439 777 2504 invadunt
790 2440 895 2506 noctis
913 2463 1031 2527 opacus.
1248 2451 1287 2488 ⁵¹⁵

247 2551 322 2640 ‚sed
344 2568 465 2618 temere
479 2554 635 2620 instantes
649 2569 743 2620 natus
756 2555 835 2619 Jove
849 2553 976 2618 fortiter
989 2575 1066 2619 arcu

258 2665 420 2732 Stridente
436 2667 575 2750 occidit,
594 2670 747 2749 juvenem
764 2689 897 2755 qnoque
915 2666 1058 2754 perdidit
1076 2687 1141 2730 una
1233 2755 1236 2764 ὁ

258 2781 419 2868 Cyzicon,
435 2781 556 2846 invitus
572 2783 665 2864 licet,
688 2797 786 2868 atque
806 2797 942 2846 errasset
958 2783 992 2846 in
1007 2781 1082 2862 illo,

260 2895 337 2960 Fata
353 2894 411 2960 sed
427 2896 588 2986 urgebant
605 2895 724 2960 Alcide
740 2895 936 2960 occumbere
953 2893 1075 2959 dextre.

260 3009 373 3091 Quum
390 3009 500 3074 subito
515 3011 550 3074 in
565 3010 703 3100 puppim
720 3010 805 3074 ssltu
821 3011 1009 3074 referuntur
1022 3007 1181 3074 aduncam
1249 3027 1288 3064 διο

259 3123 382 3188 Armati
396 3123 536 3212 Minyae,
551 3140 649 3213 stqtns
662 3147 776 3190 omnes
795 3147 853 3188 sun
861 3139 1009 3188 mustra
1025 3125 1196 3204 tenebant,

258 3236 381 3326 Tiphys
397 3236 438 3302 nb
457 3237 581 3302 excelsa
596 3238 653 3304 dnt
667 3237 759 3310 sibila
771 3261 902 3327 puppe,
920 3236 1080 3326 jubetque

259 3350 297 3414 ln
316 3373 431 3416 narem
449 3351 632 3441 scalamque
646 3353 750 3434 trahi,
765 3354 912 3441 solvique
934 3351 1100 3427 rudentes.

260 3467 302 3528 At
319 3487 387 3528 non
403 3465 577 3531 solvuntur
597 3467 712 3549 funes,
729 3465 787 3532 sed
807 3491 886 3532 nare
906 3483 1031 3538 retenta

259 3582 388 3647 Arctius
403 3581 569 3647 baerebsnt
584 3582 700 3648 subitae
717 3580 758 3646 de
775 3605 866 3646 more
887 3581 1033 3670 proceliae
1247 3597 1284 3638 ⁵2⁵

259 3697 396 3762 Vincula
414 3696 599 3762 nodorum:
616 3697 742 3786 stupuit
757 3713 828 3762 tunt
845 3697 952 3762 navita
969 3694 1092 3784 Tiphys

259 3811 431 3901 Egregius,
442 3813 508 3893 jam
523 3836 603 3878 voce
618 3835 730 3878 carens
747 3826 779 3875 et
794 3812 931 3898 liquerat
944 3812 1049 3900 Argus

207 4001 211 4011 Ι
258 3929 454 4010 Temenem,
468 3927 586 3996 fluctus
600 3951 711 4018 exspes
726 3926 860 3992 eradere
874 3943 997 4008 tantos,

260 4042 453 4133 Indignante
465 4044 555 4110 Rhea
568 4043 726 4134 populum
742 4065 799 4132 per
812 4041 943 4107 vulnera
958 4063 1086 4106 cresum.
