3022 4678
264 373 325 450 134
555 377 590 439 C.
611 375 833 444 VALERII,
851 374 1029 438 FLACCI

303 505 345 568 Et
365 528 453 572 nunc
471 528 527 570 om
544 507 651 571 levant
668 507 781 572 audaci
803 509 872 572 lteta
892 508 1043 587 juventa,

303 620 368 684 Ora
388 621 484 684 simul
502 621 598 686 toties
619 621 729 686 dulces
749 622 907 710 rapientia
928 621 1038 700 nisus3

302 734 420 813 Dejicit
437 735 515 799 hinc
528 737 638 801 vultus
656 759 739 825 teger
755 735 872 826 pudor,
885 752 918 800 et
930 757 1020 798 mora
1033 732 1128 798 dictis

232 835 233 838 Ἴ
304 849 471 932 Redditur,
492 873 529 915 ac
545 875 657 916 mrsus
678 867 840 916 conterret
859 853 976 916 Jasons
997 849 1109 938 virgo:
1289 873 1327 912 ns

348 966 507 1052 «Accipe,
524 965 712 1056 perdomitis
724 987 796 1053 quse
812 965 930 1030 deinde
941 963 1083 1052 pericula
1098 964 1215 1045 tauris,

303 1083 345 1145 Et
360 1082 432 1169 quis
446 1083 479 1145 in
499 1081 607 1146 AEolio
623 1099 750 1146 maneat
766 1098 799 1146 te
815 1081 932 1144 vellere
948 1095 1073 1160 custos;

303 1194 460 1259 Nondum
473 1212 591 1260 cuncta
606 1196 684 1276 tibi,
704 1195 816 1277 fateor,
833 1195 989 1284 promissa
1005 1195 1124 1282 peregi.

303 1309 422 1372 Saevior
435 1311 559 1399 ingenti
577 1309 730 1374 Mavortis
748 1312 782 1373 in
796 1311 911 1374 arbore
923 1325 1038 1391 restat,

304 1422 418 1506 Crede,
431 1423 538 1505 lab0r3
557 1447 654 1513 quem
658 1474 712 1490 .....
729 1441 817 1488 tanta
833 1424 957 1489 utinam
975 1422 1090 1487 fiducia
1110 1425 1212 1487 nostri
1286 1441 1326 1480 διο

302 1537 350 1600 Sit
367 1538 463 1620 mihi,
478 1555 711 1627 nocturnaeque
728 1541 880 1620 Hecates,
891 1541 1052 1626 vestrique
1070 1540 1207 1628 vigoris!
1224 1571 1236 1596 υ

346 1651 477 1715 Dixerat
490 1675 498 1732 ;
514 1669 616 1741 utque
629 1654 734 1716 virum
748 1652 877 1734 doceat,
893 1676 964 1740 quse
979 1669 1125 1718 monstra
1142 1656 1325 1742 supersint,

303 1765 453 1832 Protinus
470 1769 634 1832 immensis
653 1769 862 1833 recubantem
881 1769 1078 1833 anfractibus
1095 1791 1234 1858 anguem

301 1881 442 1962 Turbam,
460 1899 493 1944 et
512 1883 673 1946 Hemonii
689 1883 798 1948 subito
815 1883 906 1947 ducis
926 1883 1036 1962 objicit
1052 1883 1213 1948 umbram.

296 1996 381 2077 ¹llle,
397 1979 487 2084 quod
500 1996 588 2060 haud
604 1998 696 2079 alias,
710 1999 812 2079 stetit,
829 2015 862 2061 et
878 1997 1072 2085 trepidantia
1089 1999 1182 2062 torsit
1285 2015 1324 2055 ⁵2⁵

290 2199 344 2245 513.
360 2201 448 2246 Totiens
462 2199 534 2244 ducis.
547 2199 623 2246 Vetic.
639 2201 698 2245 Bon·
710 2200 780 2246 codd.
797 2203 933 2263 Totiensque
943 2201 1014 2248 ducis.
1030 2201 1132 2262 lingent.
1145 2203 1202 2247 Bon.
1221 2201 1232 2245 l
1250 2201 1274 2246 it
1292 2203 1323 2248 ll.

262 2281 379 2340 ibtiesque
387 2278 469 2323 decisis.
478 2278 568 2326 Vitiose
576 2283 640 2325 tunt.
653 2281 723 2326 Totics
732 2280 813 2326 dulcis.
827 2281 885 2326 Mas.
897 2281 998 2326 Dsslceis.
1008 2278 1060 2326 Ald.
1072 2305 1101 2316 -
1112 2281 1165 2334 514.
1175 2283 1244 2330 Nunc
1252 2280 1324 2326 deicit

260 2358 347 2403 unitus.
359 2357 435 2404 Vitio.
453 2359 545 2404 bonon.
563 2367 587 2406 et
597 2361 676 2405 Burin.
695 2359 765 2405 codd.
776 2386 807 2395 -
820 2360 875 2406 520.
890 2361 969 2420 Quin!
985 2369 1059 2406 tanta.
1073 2359 1158 2406 Ssbell.
1175 2376 1203 2407 ex
1219 2363 1282 2422 conj.
1292 2387 1324 2396 -—
1412 2381 1415 2386 ·

217 2499 220 2504 ἱ
258 2441 312 2488 521.
325 2441 447 2502 Nostrique
456 2440 553 2500 vigetis.
566 2439 642 2486 Codd.
654 2451 678 2486 et
688 2440 741 2486 edd.
753 2451 807 2488 tute
818 2440 897 2489 Heius.
911 2442 953 2487 En.

257 2639 380 2694 terribilis
397 2639 430 2693 sit
448 2637 551 2692 velleris
565 2649 652 2690 custos
672 2637 766 2703 draco,
811 2643 905 2699 AEolio,
919 2639 1030 2712 Phryxi,
1046 2639 1115 2692 AEoli
1130 2639 1251 2712 nepotis,
1266 2659 1321 2691 ma-

257 2721 361 2787 Jasoni,
379 2717 557 2790 experimento
580 2717 664 2782 iacto,
679 2729 767 2771 osten·
810 2733 870 2769 neat
886 2733 909 2769 te
921 2724 1120 2779 cellerariorum
1134 2725 1249 2771 Nondum
1262 2739 1322 2786 pro-

257 2799 336 2853 disset
346 2840 353 2864 ,
362 2797 470 2852 tandem
480 2797 508 2849 in
516 2797 609 2850 urbem
619 2797 694 2850 redit.
708 2803 766 2847 Per·
812 2800 884 2849 missa
895 2801 990 2866 peregi,
1002 2797 1122 2850 nondum
1141 2799 1230 2850 omnia
1247 2797 1321 2861 dixi,

256 2883 427 2951 stantdefioeus
439 2877 533 2932 eodem
545 2878 604 2930 loco
617 2892 725 2945 uterque,
736 2881 770 2928 Et
812 2895 871 2948 quse
883 2890 927 2930 tua
940 2896 1019 2930 causa
1029 2879 1128 2931 iactura
1140 2879 1198 2930 sim.

259 2981 323 3012 nunc
334 2979 380 3012 ora
396 2963 476 3011 levant
484 2961 577 3011 aradaei
588 2963 646 3010 iata
651 2959 768 3025 juventa,
849 2957 907 3009 5²0.
927 2958 1011 3027 Auget
1029 2957 1175 3028 perieulum
1187 2974 1194 3008 :
1206 2957 1257 3008 Vix
1272 2975 1321 3028 ego

259 3041 361 3115 quoties
367 3038 476 3113 juvenili
486 3037 644 3091 confidentia
652 3036 768 3090 letitiam
812 3047 868 3087 erte
881 3054 937 3088 mea
954 3037 1073 3107 magica,
1084 3054 1197 3108 quaeque
1209 3053 1266 3087 eam
1279 3053 1322 3089 me

258 3139 312 3194 pro
330 3139 357 3173 se
371 3121 475 3185 ierunt,
489 3123 540 3168 Ora
552 3119 626 3168 sinent
635 3119 704 3166 toties
714 3118 768 3166 dul-
812 3112 902 3166 docuit
911 3154 918 3180 ‚
927 3115 1026 3168 Hecate
1037 3157 1043 3180 ‚
1055 3115 1098 3169 vix
1107 3128 1136 3168 tu
1145 3115 1237 3188 tuique
1247 3113 1323 3168 soda-

258 3221 296 3252 ees
315 3199 437 3266 rapientia
456 3201 554 3255 vulnus
571 3193 695 3265 Apollon.
715 3194 766 3258 111,
812 3194 864 3254 les,
883 3193 1035 3248 fortitudine
1063 3213 1139 3266 pares
1160 3194 1258 3248 erim
1275 3193 1320 3248 de-

261 3280 347 3332 1018:
367 3281 410 3337 τῆς
436 3272 462 3328 d·
485 3275 613 3347 ἀμαρυγὰς
638 3277 764 3344 ὀφθαλμῶν
809 3275 933 3330 bellando
947 3276 1066 3332 draconi.

257 3361 374 3431 ἥρπαζεν.
846 3357 906 3422 5η.
928 3359 1018 3430 thue
1040 3361 1122 3410 virm
1141 3360 1240 3416 doceat,
1263 3376 1322 3423 ques·

293 3438 353 3500 514.
367 3437 456 3502 Dejicit
471 3434 529 3482 ltine
545 3431 630 3481 vatus
647 3447 713 3498 ager
719 3451 767 3498 pu·
810 3453 919 3490 monstra
927 3436 1056 3492 vincenda
1068 3440 1201 3505 supersint,
1208 3437 1321 3503 protinus

257 3521 313 3568 dor:
319 3515 376 3568 boec
384 3515 443 3586 ipsa
457 3523 544 3564 tamen
557 3509 658 3575 letitia,
671 3509 766 3563 sollici·
810 3518 930 3570 immensis
939 3522 1092 3570 recubantem
1101 3517 1251 3584 ansraetidus
1262 3517 1320 3582 (spi-

256 3596 348 3650 tndine
365 3605 392 3648 et
405 3591 507 3666 pudore
525 3587 691 3660 interpellata
713 3601 766 3656 est,
810 3597 1317 3665 ris,ducribns,v.168)onguemmrbat,

257 3677 292 3728 its
305 3687 334 3728 ut
346 3672 415 3726 limis
424 3681 527 3723 tantum
538 3679 563 3720 et
575 3667 687 3740 obliquis
701 3687 765 3721 oeu-
810 3675 912 3732 incenit
922 3714 929 3740 ,
941 3693 966 3728 ec
973 3679 1096 3729 Haemonii
1108 3677 1188 3739 discis,
1200 3672 1321 3739 Iasonis,

256 3754 288 3808 lis
300 3772 354 3806 sese
367 3751 479 3804 invicem
488 3758 642 3818 spectarent.
810 3760 920 3807 mbram
931 3759 1022 3824 objicit,

293 3833 353 3887 515.
365 3837 436 3882 Mora
448 3831 519 3879 dicts's
531 3829 648 3887 redditam,
662 3826 767 3881 silentes
847 3833 906 3888 525.
921 3839 985 3895 tlte,
997 3837 1066 3902 quod
1076 3836 1147 3884 tand
1157 3835 1221 3884 alias
1234 3831 1321 3884 iacere

257 3913 352 3967 iterum
371 3907 493 3971 adstantt
509 3923 569 3958 mox
582 3917 670 3959 tamen
686 3927 768 3960 ”mus
810 3913 962 3981 consuevit,
985 3917 1050 3966 stetit
1072 3915 1100 3966 in
1124 3913 1204 3965 altum
1228 3929 1319 3983 porre-

258 4004 379 4044 conterree
388 3995 483 4039 lasona
495 3988 583 4054 virgo,
597 4003 695 4038 novum
707 4006 767 4040 nat-
811 4005 868 4046 ctus
877 4030 884 4055 ‚
894 4009 919 4043 et
930 3997 1078 4062 trepidantia
1090 3995 1159 4045 torsit
1171 3995 1258 4051 sibila,
1272 3991 1320 4041 tin·

256 4087 297 4124 rat
311 4072 345 4124 ab
358 4069 415 4142 ipso
428 4063 595 4119 subeundum
608 4066 764 4138 pennulam.
810 4091 889 4142 gnam
901 4073 1035 4126 celerrime
1047 4085 1145 4127 motam
1155 4110 1163 4136 ,
1174 4070 1318 4124 vibrantem

292 4150 350 4205 516.
361 4151 452 4216 Accipe
464 4147 527 4214 quis,
543 4163 623 4216 quam
635 4144 709 4200 dirus
722 4187 729 4213 ,
742 4152 766 4198 in
811 4161 836 4202 et
845 4150 1001 4206 sibilantem.
