<?xml version="1.0" encoding="UTF-8"?>
<!DOCTYPE html PUBLIC "-//W3C//DTD XHTML 1.0 Transitional//EN"
    "http://www.w3.org/TR/xhtml1/DTD/xhtml1-transitional.dtd">
<html xmlns="http://www.w3.org/1999/xhtml" xml:lang="en" lang="en">
 <head>
  <title>
</title>
<meta http-equiv="Content-Type" content="text/html;charset=utf-8" />
  <meta name='ocr-system' content='tesseract 3.04.00' />
  <meta name='ocr-capabilities' content='ocr_page ocr_carea ocr_par ocr_line ocrx_word'/>
</head>
<body>
  <div class='ocr_page' id='page_1' title='image "./cvaleriiflaccis02apolgoog_0160.png"; bbox 0 0 3022 4678; ppageno 0'>
   <div class='ocr_carea' id='block_1_1' title="bbox 241 397 1193 477">
    <p class='ocr_par' dir='ltr' id='par_1_1' title="bbox 241 397 1193 477">
     <span class='ocr_line' id='line_1_1' title="bbox 241 397 1193 477; baseline 0.007 -15"><span class='ocrx_word' id='word_1_1' title='bbox 241 397 301 477; x_wconf 65' lang='lat'>154</span> <span class='ocrx_word' id='word_1_2' title='bbox 336 397 384 462; x_wconf 86' lang='lat' dir='ltr'>IN</span> <span class='ocrx_word' id='word_1_3' title='bbox 413 398 500 463; x_wconf 85' lang='lat' dir='ltr'><strong>LIB.</strong></span> <span class='ocrx_word' id='word_1_4' title='bbox 523 399 778 466; x_wconf 85' lang='lat' dir='ltr'><strong>SEPTIMUM</strong></span> <span class='ocrx_word' id='word_1_5' title='bbox 807 405 1193 470; x_wconf 84' lang='lat' dir='ltr'><strong>ARGONAUTICON</strong></span> 
     </span>
    </p>
   </div>
   <div class='ocr_carea' id='block_1_2' title="bbox 234 513 1370 2102">
    <p class='ocr_par' dir='ltr' id='par_1_2' title="bbox 234 513 1370 2102">
     <span class='ocr_line' id='line_1_2' title="bbox 236 513 1298 590; baseline 0.005 -25"><span class='ocrx_word' id='word_1_6' title='bbox 236 513 347 585; x_wconf 77' lang='lat' dir='ltr'>«Pergit</span> <span class='ocrx_word' id='word_1_7' title='bbox 361 513 520 586; x_wconf 88' lang='lat' dir='ltr'>persuadere</span> <span class='ocrx_word' id='word_1_8' title='bbox 539 515 663 590; x_wconf 83' lang='lat' dir='ltr'>exemplis</span> <span class='ocrx_word' id='word_1_9' title='bbox 683 515 849 589; x_wconf 71' lang='lat' dir='ltr'>superiorum</span> <span class='ocrx_word' id='word_1_10' title='bbox 874 529 1025 588; x_wconf 86' lang='lat' dir='ltr'>temporum</span> <span class='ocrx_word' id='word_1_11' title='bbox 1052 515 1150 581; x_wconf 87' lang='lat' dir='ltr'>allatis,</span> <span class='ocrx_word' id='word_1_12' title='bbox 1170 534 1219 568; x_wconf 87' lang='lat' dir='ltr'>nec</span> <span class='ocrx_word' id='word_1_13' title='bbox 1242 516 1298 570; x_wconf 86' lang='lat' dir='ltr'>sine</span> 
     </span>
     <span class='ocr_line' id='line_1_3' title="bbox 235 596 1297 672; baseline 0.001 -21"><span class='ocrx_word' id='word_1_14' title='bbox 235 596 346 652; x_wconf 75' lang='lat' dir='ltr'>delectu</span> <span class='ocrx_word' id='word_1_15' title='bbox 364 599 455 664; x_wconf 89' lang='lat' dir='ltr'>Quum</span> <span class='ocrx_word' id='word_1_16' title='bbox 469 600 539 652; x_wconf 90' lang='lat' dir='ltr'>enim</span> <span class='ocrx_word' id='word_1_17' title='bbox 554 601 685 653; x_wconf 81' lang='lat' dir='ltr'>tumeatis</span> <span class='ocrx_word' id='word_1_18' title='bbox 700 601 745 672; x_wconf 86' lang='lat' dir='ltr'>pia</span> <span class='ocrx_word' id='word_1_19' title='bbox 761 599 850 654; x_wconf 87' lang='lat' dir='ltr'>adhue</span> <span class='ocrx_word' id='word_1_20' title='bbox 865 600 893 652; x_wconf 92' lang='lat' dir='ltr'>in</span> <span class='ocrx_word' id='word_1_21' title='bbox 906 613 1008 672; x_wconf 85' lang='lat' dir='ltr'>patrem</span> <span class='ocrx_word' id='word_1_22' title='bbox 1025 599 1187 671; x_wconf 76' lang='lat' dir='ltr'><strong>fratremque</strong></span> <span class='ocrx_word' id='word_1_23' title='bbox 1203 597 1297 652; x_wconf 72' lang='lat' dir='ltr'>Medea</span> 
     </span>
     <span class='ocr_line' id='line_1_4' title="bbox 237 681 1296 756; baseline 0.001 -23"><span class='ocrx_word' id='word_1_24' title='bbox 237 693 304 734; x_wconf 86' lang='lat' dir='ltr'>esset</span> <span class='ocrx_word' id='word_1_25' title='bbox 314 681 391 752; x_wconf 83' lang='lat' dir='ltr'>(ride</span> <span class='ocrx_word' id='word_1_26' title='bbox 404 701 429 736; x_wconf 85' lang='lat' dir='ltr'>v.</span> <span class='ocrx_word' id='word_1_27' title='bbox 447 682 526 754; x_wconf 73' lang='lat'>³40),</span> <span class='ocrx_word' id='word_1_28' title='bbox 544 683 655 737; x_wconf 77' lang='lat' dir='ltr'>feminas</span> <span class='ocrx_word' id='word_1_29' title='bbox 668 685 697 738; x_wconf 89' lang='lat' dir='ltr'>iu</span> <span class='ocrx_word' id='word_1_30' title='bbox 711 684 864 738; x_wconf 76' lang='lat' dir='ltr'>memoriam</span> <span class='ocrx_word' id='word_1_31' title='bbox 880 697 1002 747; x_wconf 67' lang='lat' dir='ltr'>revoca,</span> <span class='ocrx_word' id='word_1_32' title='bbox 1017 701 1131 755; x_wconf 86' lang='lat' dir='ltr'>quarum</span> <span class='ocrx_word' id='word_1_33' title='bbox 1144 699 1196 736; x_wconf 88' lang='lat' dir='ltr'>una</span> <span class='ocrx_word' id='word_1_34' title='bbox 1210 684 1296 756; x_wconf 80' lang='lat' dir='ltr'>patri,</span> 
     </span>
     <span class='ocr_line' id='line_1_5' title="bbox 234 762 1294 838; baseline 0.003 -23"><span class='ocrx_word' id='word_1_35' title='bbox 234 763 318 818; x_wconf 81' lang='lat' dir='ltr'>altera</span> <span class='ocrx_word' id='word_1_36' title='bbox 331 762 407 819; x_wconf 83' lang='lat' dir='ltr'>fratri</span> <span class='ocrx_word' id='word_1_37' title='bbox 422 767 514 821; x_wconf 85' lang='lat' dir='ltr'>mortis</span> <span class='ocrx_word' id='word_1_38' title='bbox 524 787 609 821; x_wconf 73' lang='lat' dir='ltr'>causa</span> <span class='ocrx_word' id='word_1_39' title='bbox 624 769 799 834; x_wconf 68' lang='lat' dir='ltr'>exstitissent,</span> <span class='ocrx_word' id='word_1_40' title='bbox 813 771 1004 837; x_wconf 71' lang='lat' dir='ltr'><em>Hippodamiam</em></span> <span class='ocrx_word' id='word_1_41' title='bbox 1014 785 1108 838; x_wconf 85' lang='lat' dir='ltr'>nempe</span> <span class='ocrx_word' id='word_1_42' title='bbox 1119 779 1145 820; x_wconf 87' lang='lat' dir='ltr'>et</span> <span class='ocrx_word' id='word_1_43' title='bbox 1157 767 1294 818; x_wconf 76' lang='lat' dir='ltr'><em>Ariadnen.</em></span> 
     </span>
     <span class='ocr_line' id='line_1_6' title="bbox 235 845 1298 926; baseline 0.004 -28"><span class='ocrx_word' id='word_1_44' title='bbox 235 845 286 899; x_wconf 81' lang='lat' dir='ltr'>ills</span> <span class='ocrx_word' id='word_1_45' title='bbox 298 859 400 919; x_wconf 87' lang='lat' dir='ltr'>patrem</span> <span class='ocrx_word' id='word_1_46' title='bbox 409 849 502 905; x_wconf 88' lang='lat' dir='ltr'>babuit</span> <span class='ocrx_word' id='word_1_47' title='bbox 512 851 679 906; x_wconf 83' lang='lat' dir='ltr'>OEnomanm</span> <span class='ocrx_word' id='word_1_48' title='bbox 689 890 699 916; x_wconf 90' lang='lat'>‚</span> <span class='ocrx_word' id='word_1_49' title='bbox 709 851 790 906; x_wconf 88' lang='lat' dir='ltr'>Elidis</span> <span class='ocrx_word' id='word_1_50' title='bbox 799 871 886 924; x_wconf 77' lang='lat' dir='ltr'>regem</span> <span class='ocrx_word' id='word_1_51' title='bbox 896 871 903 916; x_wconf 73' lang='grc' dir='ltr'><strong>ς</strong></span> <span class='ocrx_word' id='word_1_52' title='bbox 917 851 1056 926; x_wconf 85' lang='lat' dir='ltr'>quiquam</span> <span class='ocrx_word' id='word_1_53' title='bbox 1066 851 1174 904; x_wconf 79' lang='lat' dir='ltr'>oraculo</span> <span class='ocrx_word' id='word_1_54' title='bbox 1182 850 1298 904; x_wconf 83' lang='lat' dir='ltr'>monitus</span> 
     </span>
     <span class='ocr_line' id='line_1_7' title="bbox 235 934 1296 1009; baseline 0.002 -25"><span class='ocrx_word' id='word_1_55' title='bbox 235 943 302 984; x_wconf 84' lang='lat' dir='ltr'>esset</span> <span class='ocrx_word' id='word_1_56' title='bbox 311 951 326 984; x_wconf 92' lang='lat' dir='ltr'>a</span> <span class='ocrx_word' id='word_1_57' title='bbox 335 951 433 1004; x_wconf 74' lang='lat' dir='ltr'>genero</span> <span class='ocrx_word' id='word_1_58' title='bbox 444 934 494 988; x_wconf 82' lang='lat' dir='ltr'>sibi</span> <span class='ocrx_word' id='word_1_59' title='bbox 506 953 600 990; x_wconf 82' lang='lat' dir='ltr'>carere</span> <span class='ocrx_word' id='word_1_60' title='bbox 609 937 710 1000; x_wconf 80' lang='lat' dir='ltr'>futuro,</span> <span class='ocrx_word' id='word_1_61' title='bbox 723 937 853 1009; x_wconf 88' lang='lat' dir='ltr'>pluribus,</span> <span class='ocrx_word' id='word_1_62' title='bbox 863 936 909 1008; x_wconf 89' lang='lat' dir='ltr'>qui</span> <span class='ocrx_word' id='word_1_63' title='bbox 923 935 982 988; x_wconf 82' lang='lat' dir='ltr'>filia</span> <span class='ocrx_word' id='word_1_64' title='bbox 996 935 1178 1008; x_wconf 72' lang='lat' dir='ltr'>pulcherrim</span> <span class='ocrx_word' id='word_1_65' title='bbox 1190 935 1296 1008; x_wconf 85' lang='lat' dir='ltr'>nuptias</span> 
     </span>
     <span class='ocr_line' id='line_1_8' title="bbox 235 1014 1296 1093; baseline 0.005 -28"><span class='ocrx_word' id='word_1_66' title='bbox 235 1014 381 1080; x_wconf 84' lang='lat' dir='ltr'>ambirent,</span> <span class='ocrx_word' id='word_1_67' title='bbox 393 1019 478 1089; x_wconf 88' lang='lat' dir='ltr'>procis</span> <span class='ocrx_word' id='word_1_68' title='bbox 492 1019 576 1091; x_wconf 72' lang='lat' dir='ltr'>legem</span> <span class='ocrx_word' id='word_1_69' title='bbox 591 1032 765 1093; x_wconf 76' lang='lat' dir='ltr'>proposuerat</span> <span class='ocrx_word' id='word_1_70' title='bbox 773 1021 843 1074; x_wconf 88' lang='lat' dir='ltr'>hauc</span> <span class='ocrx_word' id='word_1_71' title='bbox 853 1059 861 1084; x_wconf 85' lang='lat'>,</span> <span class='ocrx_word' id='word_1_72' title='bbox 873 1033 915 1086; x_wconf 88' lang='lat' dir='ltr'>ut,</span> <span class='ocrx_word' id='word_1_73' title='bbox 926 1021 948 1073; x_wconf 92' lang='lat' dir='ltr'>si</span> <span class='ocrx_word' id='word_1_74' title='bbox 959 1020 1044 1074; x_wconf 86' lang='lat' dir='ltr'>curuli</span> <span class='ocrx_word' id='word_1_75' title='bbox 1055 1037 1144 1074; x_wconf 85' lang='lat' dir='ltr'>secum</span> <span class='ocrx_word' id='word_1_76' title='bbox 1156 1019 1296 1074; x_wconf 72' lang='lat' dir='ltr'>certamine</span> 
     </span>
     <span class='ocr_line' id='line_1_9' title="bbox 235 1099 1294 1177; baseline 0.004 -27"><span class='ocrx_word' id='word_1_77' title='bbox 235 1099 446 1167; x_wconf 72' lang='lat' dir='ltr'>contendissent,</span> <span class='ocrx_word' id='word_1_78' title='bbox 462 1121 533 1158; x_wconf 86' lang='lat' dir='ltr'>mors</span> <span class='ocrx_word' id='word_1_79' title='bbox 546 1105 643 1168; x_wconf 83' lang='lat' dir='ltr'>victos,</span> <span class='ocrx_word' id='word_1_80' title='bbox 655 1106 766 1160; x_wconf 85' lang='lat' dir='ltr'>victores</span> <span class='ocrx_word' id='word_1_81' title='bbox 777 1105 833 1158; x_wconf 80' lang='lat' dir='ltr'>iilia</span> <span class='ocrx_word' id='word_1_82' title='bbox 849 1117 977 1160; x_wconf 89' lang='lat' dir='ltr'>maneret.</span> <span class='ocrx_word' id='word_1_83' title='bbox 994 1105 1037 1159; x_wconf 87' lang='lat' dir='ltr'>Sic</span> <span class='ocrx_word' id='word_1_84' title='bbox 1055 1105 1135 1177; x_wconf 74' lang='lat' dir='ltr'>igitur</span> <span class='ocrx_word' id='word_1_85' title='bbox 1150 1103 1294 1165; x_wconf 86' lang='lat' dir='ltr'>tredecim,</span> 
     </span>
     <span class='ocr_line' id='line_1_10' title="bbox 235 1184 1295 1262; baseline 0.005 -29"><span class='ocrx_word' id='word_1_86' title='bbox 235 1191 275 1234; x_wconf 86' lang='lat' dir='ltr'>tot</span> <span class='ocrx_word' id='word_1_87' title='bbox 288 1184 358 1237; x_wconf 87' lang='lat' dir='ltr'>enim</span> <span class='ocrx_word' id='word_1_88' title='bbox 370 1199 511 1242; x_wconf 88' lang='lat' dir='ltr'>numerant</span> <span class='ocrx_word' id='word_1_89' title='bbox 525 1188 686 1262; x_wconf 81' lang='lat' dir='ltr'>mythologi,</span> <span class='ocrx_word' id='word_1_90' title='bbox 697 1189 828 1261; x_wconf 76' lang='lat' dir='ltr'>generosis</span> <span class='ocrx_word' id='word_1_91' title='bbox 839 1190 981 1262; x_wconf 78' lang='lat' dir='ltr'>juvenibus</span> <span class='ocrx_word' id='word_1_92' title='bbox 993 1189 1172 1260; x_wconf 84' lang='lat' dir='ltr'>interemptis,</span> <span class='ocrx_word' id='word_1_93' title='bbox 1182 1187 1217 1241; x_wconf 86' lang='lat' dir='ltr'>ad</span> <span class='ocrx_word' id='word_1_94' title='bbox 1227 1187 1295 1239; x_wconf 89' lang='lat' dir='ltr'>idem</span> 
     </span>
     <span class='ocr_line' id='line_1_11' title="bbox 235 1270 1294 1345; baseline 0.004 -27"><span class='ocrx_word' id='word_1_95' title='bbox 235 1277 367 1321; x_wconf 89' lang='lat' dir='ltr'>certamen</span> <span class='ocrx_word' id='word_1_96' title='bbox 384 1270 553 1324; x_wconf 83' lang='lat' dir='ltr'>subeundum</span> <span class='ocrx_word' id='word_1_97' title='bbox 569 1274 678 1327; x_wconf 76' lang='lat' dir='ltr'>sccemit</span> <span class='ocrx_word' id='word_1_98' title='bbox 692 1273 801 1345; x_wconf 86' lang='lat' dir='ltr'>Pelops,</span> <span class='ocrx_word' id='word_1_99' title='bbox 811 1273 915 1332; x_wconf 78' lang='lat' dir='ltr'>Tantali</span> <span class='ocrx_word' id='word_1_100' title='bbox 930 1273 1014 1337; x_wconf 83' lang='lat' dir='ltr'>iilius,</span> <span class='ocrx_word' id='word_1_101' title='bbox 1027 1276 1103 1344; x_wconf 84' lang='lat' dir='ltr'>cujus</span> <span class='ocrx_word' id='word_1_102' title='bbox 1117 1289 1207 1326; x_wconf 83' lang='lat' dir='ltr'>amore</span> <span class='ocrx_word' id='word_1_103' title='bbox 1219 1283 1294 1342; x_wconf 87' lang='lat' dir='ltr'>capta</span> 
     </span>
     <span class='ocr_line' id='line_1_12' title="bbox 236 1349 1295 1429; baseline 0.005 -28"><span class='ocrx_word' id='word_1_104' title='bbox 236 1349 410 1424; x_wconf 83' lang='lat' dir='ltr'>Hippodamia</span> <span class='ocrx_word' id='word_1_105' title='bbox 423 1356 506 1428; x_wconf 86' lang='lat' dir='ltr'>patris</span> <span class='ocrx_word' id='word_1_106' title='bbox 516 1357 634 1429; x_wconf 74' lang='lat' dir='ltr'>aurigam</span> <span class='ocrx_word' id='word_1_107' title='bbox 644 1356 687 1411; x_wconf 80' lang='lat' dir='ltr'>vel</span> <span class='ocrx_word' id='word_1_108' title='bbox 699 1357 795 1410; x_wconf 85' lang='lat' dir='ltr'>stabuli</span> <span class='ocrx_word' id='word_1_109' title='bbox 805 1359 958 1428; x_wconf 75' lang='lat' dir='ltr'>praelectum</span> <span class='ocrx_word' id='word_1_110' title='bbox 970 1357 1136 1420; x_wconf 83' lang='lat' dir='ltr'>subornavit,</span> <span class='ocrx_word' id='word_1_111' title='bbox 1148 1367 1179 1408; x_wconf 89' lang='lat' dir='ltr'>nt</span> <span class='ocrx_word' id='word_1_112' title='bbox 1192 1355 1295 1408; x_wconf 85' lang='lat' dir='ltr'>clavum</span> 
     </span>
     <span class='ocr_line' id='line_1_13' title="bbox 235 1433 1296 1514; baseline 0.002 -28"><span class='ocrx_word' id='word_1_113' title='bbox 235 1433 350 1505; x_wconf 79' lang='lat' dir='ltr'>aliquem</span> <span class='ocrx_word' id='word_1_114' title='bbox 363 1449 421 1490; x_wconf 91' lang='lat' dir='ltr'>rota</span> <span class='ocrx_word' id='word_1_115' title='bbox 439 1440 582 1504; x_wconf 84' lang='lat' dir='ltr'>eximeret,</span> <span class='ocrx_word' id='word_1_116' title='bbox 599 1461 652 1514; x_wconf 91' lang='lat' dir='ltr'>quo</span> <span class='ocrx_word' id='word_1_117' title='bbox 665 1442 782 1506; x_wconf 81' lang='lat' dir='ltr'>factum,</span> <span class='ocrx_word' id='word_1_118' title='bbox 796 1453 825 1492; x_wconf 91' lang='lat' dir='ltr'>ut</span> <span class='ocrx_word' id='word_1_119' title='bbox 844 1459 889 1494; x_wconf 85' lang='lat' dir='ltr'>rex</span> <span class='ocrx_word' id='word_1_120' title='bbox 907 1459 986 1494; x_wconf 89' lang='lat' dir='ltr'>curru</span> <span class='ocrx_word' id='word_1_121' title='bbox 999 1459 1122 1495; x_wconf 86' lang='lat' dir='ltr'>exeussus</span> <span class='ocrx_word' id='word_1_122' title='bbox 1136 1437 1227 1512; x_wconf 88' lang='lat' dir='ltr'>paullo</span> <span class='ocrx_word' id='word_1_123' title='bbox 1238 1449 1296 1510; x_wconf 82' lang='lat' dir='ltr'>post</span> 
     </span>
     <span class='ocr_line' id='line_1_14' title="bbox 235 1517 1295 1598; baseline 0.003 -28"><span class='ocrx_word' id='word_1_124' title='bbox 235 1517 329 1572; x_wconf 86' lang='lat' dir='ltr'>obiret.</span> <span class='ocrx_word' id='word_1_125' title='bbox 348 1520 396 1572; x_wconf 87' lang='lat' dir='ltr'>His</span> <span class='ocrx_word' id='word_1_126' title='bbox 411 1522 447 1576; x_wconf 88' lang='lat' dir='ltr'>its</span> <span class='ocrx_word' id='word_1_127' title='bbox 462 1524 596 1595; x_wconf 84' lang='lat' dir='ltr'>expositis,</span> <span class='ocrx_word' id='word_1_128' title='bbox 609 1545 661 1578; x_wconf 89' lang='lat' dir='ltr'>uon</span> <span class='ocrx_word' id='word_1_129' title='bbox 676 1537 715 1580; x_wconf 88' lang='lat' dir='ltr'>est</span> <span class='ocrx_word' id='word_1_130' title='bbox 731 1525 803 1598; x_wconf 90' lang='lat' dir='ltr'>quod</span> <span class='ocrx_word' id='word_1_131' title='bbox 813 1563 821 1588; x_wconf 88' lang='lat'>,</span> <span class='ocrx_word' id='word_1_132' title='bbox 832 1543 899 1598; x_wconf 90' lang='lat' dir='ltr'>quos</span> <span class='ocrx_word' id='word_1_133' title='bbox 916 1537 992 1598; x_wconf 85' lang='lat' dir='ltr'>poeta</span> <span class='ocrx_word' id='word_1_134' title='bbox 1006 1537 1150 1590; x_wconf 87' lang='lat' dir='ltr'>memorat,</span> <span class='ocrx_word' id='word_1_135' title='bbox 1164 1529 1238 1576; x_wconf 81' lang='lat' dir='ltr'>duros</span> <span class='ocrx_word' id='word_1_136' title='bbox 1251 1531 1295 1574; x_wconf 83' lang='lat' dir='ltr'>Pe-</span> 
     </span>
     <span class='ocr_line' id='line_1_15' title="bbox 235 1607 1293 1683; baseline 0.006 -30"><span class='ocrx_word' id='word_1_137' title='bbox 235 1607 297 1671; x_wconf 85' lang='lat' dir='ltr'>lopis</span> <span class='ocrx_word' id='word_1_138' title='bbox 310 1607 420 1668; x_wconf 82' lang='lat' dir='ltr'>labores,</span> <span class='ocrx_word' id='word_1_139' title='bbox 434 1621 471 1660; x_wconf 86' lang='lat' dir='ltr'>tor</span> <span class='ocrx_word' id='word_1_140' title='bbox 479 1629 611 1676; x_wconf 77' lang='lat' dir='ltr'>procorum</span> <span class='ocrx_word' id='word_1_141' title='bbox 626 1631 672 1662; x_wconf 85' lang='lat' dir='ltr'>ora</span> <span class='ocrx_word' id='word_1_142' title='bbox 683 1614 814 1681; x_wconf 69' lang='lat' dir='ltr'>sugillato,</span> <span class='ocrx_word' id='word_1_143' title='bbox 828 1616 986 1681; x_wconf 80' lang='lat' dir='ltr'>patriasque,</span> <span class='ocrx_word' id='word_1_144' title='bbox 999 1630 1068 1683; x_wconf 83' lang='lat' dir='ltr'>quos</span> <span class='ocrx_word' id='word_1_145' title='bbox 1084 1609 1137 1664; x_wconf 79' lang='lat' dir='ltr'>fllia</span> <span class='ocrx_word' id='word_1_146' title='bbox 1155 1612 1293 1666; x_wconf 72' lang='lat' dir='ltr'>extenuit,</span> 
     </span>
     <span class='ocr_line' id='line_1_16' title="bbox 234 1693 1294 1766; baseline 0.004 -28"><span class='ocrx_word' id='word_1_147' title='bbox 234 1698 413 1750; x_wconf 70' lang='lat' dir='ltr'>aversatam,</span> <span class='ocrx_word' id='word_1_148' title='bbox 432 1711 505 1752; x_wconf 78' lang='lat' dir='ltr'>ares,</span> <span class='ocrx_word' id='word_1_149' title='bbox 522 1693 632 1745; x_wconf 87' lang='lat' dir='ltr'>ulterius</span> <span class='ocrx_word' id='word_1_150' title='bbox 648 1695 783 1766; x_wconf 87' lang='lat' dir='ltr'>explicem.</span> <span class='ocrx_word' id='word_1_151' title='bbox 794 1695 920 1749; x_wconf 78' lang='lat' dir='ltr'>Ariadnes</span> <span class='ocrx_word' id='word_1_152' title='bbox 934 1708 1040 1759; x_wconf 86' lang='lat' dir='ltr'>autem,</span> <span class='ocrx_word' id='word_1_153' title='bbox 1059 1699 1159 1747; x_wconf 77' lang='lat' dir='ltr'>Minor&#39;oe</span> <span class='ocrx_word' id='word_1_154' title='bbox 1179 1696 1294 1762; x_wconf 78' lang='lat' dir='ltr'>virginis,</span> 
     </span>
     <span class='ocr_line' id='line_1_17' title="bbox 235 1769 1295 1852; baseline 0.002 -28"><span class='ocrx_word' id='word_1_155' title='bbox 235 1769 343 1824; x_wconf 84' lang='lat' dir='ltr'>historia</span> <span class='ocrx_word' id='word_1_156' title='bbox 358 1774 398 1826; x_wconf 83' lang='lat' dir='ltr'>vel</span> <span class='ocrx_word' id='word_1_157' title='bbox 412 1774 542 1828; x_wconf 89' lang='lat' dir='ltr'>tironibus</span> <span class='ocrx_word' id='word_1_158' title='bbox 553 1788 615 1829; x_wconf 90' lang='lat' dir='ltr'>uota</span> <span class='ocrx_word' id='word_1_159' title='bbox 624 1791 676 1842; x_wconf 86' lang='lat' dir='ltr'>est,</span> <span class='ocrx_word' id='word_1_160' title='bbox 687 1796 744 1850; x_wconf 80' lang='lat' dir='ltr'>que</span> <span class='ocrx_word' id='word_1_161' title='bbox 751 1819 759 1844; x_wconf 94' lang='lat'><em>‚</em></span> <span class='ocrx_word' id='word_1_162' title='bbox 771 1797 934 1851; x_wconf 87' lang='lat' dir='ltr'>quamquam</span> <span class='ocrx_word' id='word_1_163' title='bbox 952 1797 1021 1841; x_wconf 85' lang='lat' dir='ltr'>nou,</span> <span class='ocrx_word' id='word_1_164' title='bbox 1034 1777 1107 1852; x_wconf 89' lang='lat' dir='ltr'>quod</span> <span class='ocrx_word' id='word_1_165' title='bbox 1120 1777 1241 1830; x_wconf 78' lang='lat' dir='ltr'>iasonem</span> <span class='ocrx_word' id='word_1_166' title='bbox 1254 1773 1295 1826; x_wconf 87' lang='lat' dir='ltr'>di·</span> 
     </span>
     <span class='ocr_line' id='line_1_18' title="bbox 235 1857 1370 1929; baseline 0 -22"><span class='ocrx_word' id='word_1_167' title='bbox 235 1873 294 1909; x_wconf 82' lang='lat' dir='ltr'>cere</span> <span class='ocrx_word' id='word_1_168' title='bbox 314 1857 388 1929; x_wconf 83' lang='lat' dir='ltr'>jubet</span> <span class='ocrx_word' id='word_1_169' title='bbox 403 1858 541 1924; x_wconf 86' lang='lat' dir='ltr'>Valerius,</span> <span class='ocrx_word' id='word_1_170' title='bbox 560 1864 613 1928; x_wconf 83' lang='lat' dir='ltr'>ipsa</span> <span class='ocrx_word' id='word_1_171' title='bbox 621 1863 730 1929; x_wconf 83' lang='lat' dir='ltr'>fratrem</span> <span class='ocrx_word' id='word_1_172' title='bbox 747 1863 926 1915; x_wconf 78' lang='lat' dir='ltr'>Minotaurum</span> <span class='ocrx_word' id='word_1_173' title='bbox 946 1865 1000 1913; x_wconf 82' lang='lat' dir='ltr'>neci</span> <span class='ocrx_word' id='word_1_174' title='bbox 1020 1865 1098 1921; x_wconf 79' lang='lat' dir='ltr'>dedit,</span> <span class='ocrx_word' id='word_1_175' title='bbox 1112 1879 1189 1913; x_wconf 86' lang='lat' dir='ltr'>causa</span> <span class='ocrx_word' id='word_1_176' title='bbox 1208 1871 1295 1910; x_wconf 83' lang='lat' dir='ltr'>tamen</span> <span class='ocrx_word' id='word_1_177' title='bbox 1367 1895 1370 1908; x_wconf 92' lang='lat'><em>.</em></span> 
     </span>
     <span class='ocr_line' id='line_1_19' title="bbox 234 1939 1296 2018; baseline 0 -27"><span class='ocrx_word' id='word_1_178' title='bbox 234 1939 325 1992; x_wconf 87' lang='lat' dir='ltr'>mortis</span> <span class='ocrx_word' id='word_1_179' title='bbox 336 1940 405 1994; x_wconf 83' lang='lat' dir='ltr'>sacta</span> <span class='ocrx_word' id='word_1_180' title='bbox 417 1954 456 1994; x_wconf 86' lang='lat' dir='ltr'>est</span> <span class='ocrx_word' id='word_1_181' title='bbox 466 1961 498 2004; x_wconf 81' lang='lat' dir='ltr'>eo</span> <span class='ocrx_word' id='word_1_182' title='bbox 505 1980 513 2007; x_wconf 92' lang='lat'>,</span> <span class='ocrx_word' id='word_1_183' title='bbox 523 1941 595 2015; x_wconf 87' lang='lat' dir='ltr'>quod</span> <span class='ocrx_word' id='word_1_184' title='bbox 604 1943 707 1997; x_wconf 86' lang='lat' dir='ltr'>Theseo</span> <span class='ocrx_word' id='word_1_185' title='bbox 720 1944 795 1997; x_wconf 80' lang='lat' dir='ltr'>filum</span> <span class='ocrx_word' id='word_1_186' title='bbox 810 1944 940 2012; x_wconf 86' lang='lat' dir='ltr'>traderet,</span> <span class='ocrx_word' id='word_1_187' title='bbox 953 1965 1008 2018; x_wconf 92' lang='lat' dir='ltr'>quo</span> <span class='ocrx_word' id='word_1_188' title='bbox 1023 1944 1090 1999; x_wconf 87' lang='lat' dir='ltr'>(luce</span> <span class='ocrx_word' id='word_1_189' title='bbox 1101 1941 1296 2016; x_wconf 83' lang='lat' dir='ltr'>Labyrinthuur</span> 
     </span>
     <span class='ocr_line' id='line_1_20' title="bbox 235 2021 1261 2102; baseline 0.001 -27"><span class='ocrx_word' id='word_1_190' title='bbox 235 2021 309 2077; x_wconf 85' lang='lat' dir='ltr'>adire</span> <span class='ocrx_word' id='word_1_191' title='bbox 318 2035 518 2098; x_wconf 87' lang='lat' dir='ltr'>monstrumque</span> <span class='ocrx_word' id='word_1_192' title='bbox 527 2025 594 2079; x_wconf 89' lang='lat' dir='ltr'>illud</span> <span class='ocrx_word' id='word_1_193' title='bbox 606 2027 718 2082; x_wconf 86' lang='lat' dir='ltr'>biforme</span> <span class='ocrx_word' id='word_1_194' title='bbox 729 2028 861 2083; x_wconf 88' lang='lat' dir='ltr'>trucidare</span> <span class='ocrx_word' id='word_1_195' title='bbox 871 2040 967 2102; x_wconf 83' lang='lat' dir='ltr'>posset.</span> <span class='ocrx_word' id='word_1_196' title='bbox 978 2055 990 2075; x_wconf 72' lang='grc' dir='ltr'>ι</span> <span class='ocrx_word' id='word_1_197' title='bbox 1004 2029 1088 2082; x_wconf 83' lang='lat' dir='ltr'>-Sic</span> <span class='ocrx_word' id='word_1_198' title='bbox 1099 2027 1261 2098; x_wconf 81' lang='lat' dir='ltr'>Wagnerus.</span> 
     </span>
    </p>
   </div>
   <div class='ocr_carea' id='block_1_3' title="bbox 268 2212 1026 2372">
    <p class='ocr_par' dir='ltr' id='par_1_3' title="bbox 268 2212 1026 2372">
     <span class='ocr_line' id='line_1_21' title="bbox 268 2212 961 2288; baseline 0.014 -28"><span class='ocrx_word' id='word_1_199' title='bbox 268 2216 300 2264; x_wconf 84' lang='lat' dir='ltr'>V.</span> <span class='ocrx_word' id='word_1_200' title='bbox 311 2212 372 2265; x_wconf 79' lang='lat'><strong>280.</strong></span> <span class='ocrx_word' id='word_1_201' title='bbox 382 2217 430 2266; x_wconf 83' lang='lat' dir='ltr'>Cur</span> <span class='ocrx_word' id='word_1_202' title='bbox 440 2235 489 2266; x_wconf 84' lang='lat' dir='ltr'>nort</span> <span class='ocrx_word' id='word_1_203' title='bbox 500 2217 631 2284; x_wconf 75' lang='lat' dir='ltr'>hospitibus</span> <span class='ocrx_word' id='word_1_204' title='bbox 634 2218 680 2286; x_wconf 81' lang='lat' dir='ltr'>sas</span> <span class='ocrx_word' id='word_1_205' title='bbox 691 2221 869 2270; x_wconf 80' lang='lat' dir='ltr'>sitsrrccurrere</span> <span class='ocrx_word' id='word_1_206' title='bbox 881 2221 961 2288; x_wconf 65' lang='lat' dir='ltr'>dr&#39;gais</span> 
     </span>
     <span class='ocr_line' id='line_1_22' title="bbox 387 2303 1026 2372; baseline 0.006 -24"><span class='ocrx_word' id='word_1_207' title='bbox 387 2303 418 2348; x_wconf 85' lang='lat' dir='ltr'>Te</span> <span class='ocrx_word' id='word_1_208' title='bbox 432 2318 539 2368; x_wconf 82' lang='lat' dir='ltr'>quoque,</span> <span class='ocrx_word' id='word_1_209' title='bbox 552 2315 576 2352; x_wconf 87' lang='lat' dir='ltr'>et</span> <span class='ocrx_word' id='word_1_210' title='bbox 587 2305 669 2353; x_wconf 82' lang='lat' dir='ltr'>AEaeos</span> <span class='ocrx_word' id='word_1_211' title='bbox 675 2305 763 2370; x_wconf 80' lang='lat' dir='ltr'>jubeas</span> <span class='ocrx_word' id='word_1_212' title='bbox 776 2305 897 2354; x_wconf 78' lang='lat' dir='ltr'>enitescere</span> <span class='ocrx_word' id='word_1_213' title='bbox 906 2311 1026 2372; x_wconf 61' lang='lat' dir='ltr'>campogr</span> 
     </span>
    </p>
   </div>
   <div class='ocr_carea' id='block_1_4' title="bbox 383 2385 955 2536">
    <p class='ocr_par' dir='ltr' id='par_1_4' title="bbox 383 2385 955 2536">
     <span class='ocr_line' id='line_1_23' title="bbox 386 2385 928 2454; baseline 0.004 -20"><span class='ocrx_word' id='word_1_214' title='bbox 386 2385 489 2434; x_wconf 68' lang='lat' dir='ltr'>Occidet</span> <span class='ocrx_word' id='word_1_215' title='bbox 500 2397 592 2436; x_wconf 68' lang='lat' dir='ltr'>aeterno</span> <span class='ocrx_word' id='word_1_216' title='bbox 610 2387 709 2436; x_wconf 79' lang='lat' dir='ltr'>tandem</span> <span class='ocrx_word' id='word_1_217' title='bbox 722 2388 838 2438; x_wconf 61' lang='lat' dir='ltr'>cannia</span> <span class='ocrx_word' id='word_1_218' title='bbox 851 2401 928 2454; x_wconf 79' lang='lat' dir='ltr'>nsqrte</span> 
     </span>
     <span class='ocr_line' id='line_1_24' title="bbox 383 2469 955 2536; baseline 0.012 -22"><span class='ocrx_word' id='word_1_219' title='bbox 383 2470 440 2515; x_wconf 83' lang='lat' dir='ltr'>lam</span> <span class='ocrx_word' id='word_1_220' title='bbox 452 2485 533 2534; x_wconf 76' lang='lat' dir='ltr'>seges,</span> <span class='ocrx_word' id='word_1_221' title='bbox 543 2481 567 2518; x_wconf 84' lang='lat' dir='ltr'>et</span> <span class='ocrx_word' id='word_1_222' title='bbox 578 2469 632 2519; x_wconf 77' lang='lat' dir='ltr'>viso</span> <span class='ocrx_word' id='word_1_223' title='bbox 637 2471 765 2536; x_wconf 75' lang='lat' dir='ltr'>fumantes</span> <span class='ocrx_word' id='word_1_224' title='bbox 776 2470 870 2536; x_wconf 79' lang='lat' dir='ltr'>bospite</span> <span class='ocrx_word' id='word_1_225' title='bbox 881 2471 955 2521; x_wconf 70' lang='lat' dir='ltr'>tauri</span> 
     </span>
    </p>
   </div>
   <div class='ocr_carea' id='block_1_5' title="bbox 230 2616 1297 3778">
    <p class='ocr_par' dir='ltr' id='par_1_5' title="bbox 230 2616 1297 3778">
     <span class='ocr_line' id='line_1_25' title="bbox 234 2616 1297 2693; baseline -0.003 -21"><span class='ocrx_word' id='word_1_226' title='bbox 234 2617 277 2670; x_wconf 86' lang='lat' dir='ltr'>Sic</span> <span class='ocrx_word' id='word_1_227' title='bbox 298 2616 383 2688; x_wconf 82' lang='lat' dir='ltr'>pergit</span> <span class='ocrx_word' id='word_1_228' title='bbox 394 2617 563 2690; x_wconf 76' lang='lat' dir='ltr'>Wagnerus:</span> <span class='ocrx_word' id='word_1_229' title='bbox 582 2624 742 2693; x_wconf 74' lang='lat' dir='ltr'>«Wakefield</span> <span class='ocrx_word' id='word_1_230' title='bbox 755 2620 789 2676; x_wconf 83' lang='lat' dir='ltr'>ad</span> <span class='ocrx_word' id='word_1_231' title='bbox 806 2621 913 2675; x_wconf 87' lang='lat' dir='ltr'>Lucret.</span> <span class='ocrx_word' id='word_1_232' title='bbox 928 2621 981 2683; x_wconf 88' lang='lat'>111,</span> <span class='ocrx_word' id='word_1_233' title='bbox 1001 2626 1077 2684; x_wconf 64' lang='lat'>1006,</span> <span class='ocrx_word' id='word_1_234' title='bbox 1099 2619 1237 2672; x_wconf 83' lang='lat' dir='ltr'>emendat:</span> <span class='ocrx_word' id='word_1_235' title='bbox 1264 2625 1297 2670; x_wconf 84' lang='lat' dir='ltr'>Te</span> 
     </span>
     <span class='ocr_line' id='line_1_26' title="bbox 232 2705 1296 2777; baseline 0.004 -26"><span class='ocrx_word' id='word_1_236' title='bbox 232 2721 329 2769; x_wconf 87' lang='lat' dir='ltr'>quoqne</span> <span class='ocrx_word' id='word_1_237' title='bbox 338 2717 362 2752; x_wconf 89' lang='lat' dir='ltr'>et</span> <span class='ocrx_word' id='word_1_238' title='bbox 370 2705 454 2754; x_wconf 76' lang='lat' dir='ltr'>AEeeas</span> <span class='ocrx_word' id='word_1_239' title='bbox 462 2708 534 2755; x_wconf 86' lang='lat' dir='ltr'>sulcis</span> <span class='ocrx_word' id='word_1_240' title='bbox 543 2708 622 2775; x_wconf 85' lang='lat' dir='ltr'>(uam</span> <span class='ocrx_word' id='word_1_241' title='bbox 636 2705 725 2777; x_wconf 85' lang='lat' dir='ltr'>scripti</span> <span class='ocrx_word' id='word_1_242' title='bbox 738 2705 803 2758; x_wconf 83' lang='lat' dir='ltr'>daut</span> <span class='ocrx_word' id='word_1_243' title='bbox 820 2709 905 2757; x_wconf 76' lang='lat' dir='ltr'>sribeas</span> <span class='ocrx_word' id='word_1_244' title='bbox 918 2723 967 2777; x_wconf 89' lang='lat' dir='ltr'>pro</span> <span class='ocrx_word' id='word_1_245' title='bbox 975 2705 1084 2772; x_wconf 81' lang='lat' dir='ltr'>jubeas)</span> <span class='ocrx_word' id='word_1_246' title='bbox 1095 2707 1217 2756; x_wconf 78' lang='lat' dir='ltr'>mitescere</span> <span class='ocrx_word' id='word_1_247' title='bbox 1231 2724 1296 2755; x_wconf 81' lang='lat' dir='ltr'>carn-</span> 
     </span>
     <span class='ocr_line' id='line_1_27' title="bbox 230 2786 1296 2860; baseline 0.002 -24"><span class='ocrx_word' id='word_1_248' title='bbox 230 2786 343 2853; x_wconf 84' lang='lat' dir='ltr'>pos,vel</span> <span class='ocrx_word' id='word_1_249' title='bbox 358 2786 461 2856; x_wconf 86' lang='lat' dir='ltr'>potius:</span> <span class='ocrx_word' id='word_1_250' title='bbox 479 2795 511 2839; x_wconf 86' lang='lat' dir='ltr'>Te</span> <span class='ocrx_word' id='word_1_251' title='bbox 522 2801 640 2858; x_wconf 72' lang='lat' dir='ltr'>qumque:²</span> <span class='ocrx_word' id='word_1_252' title='bbox 658 2795 715 2841; x_wconf 83' lang='lat' dir='ltr'>En!</span> <span class='ocrx_word' id='word_1_253' title='bbox 728 2795 810 2842; x_wconf 77' lang='lat' dir='ltr'>AEoeos</span> <span class='ocrx_word' id='word_1_254' title='bbox 819 2793 909 2860; x_wconf 83' lang='lat' dir='ltr'>jubeas</span> <span class='ocrx_word' id='word_1_255' title='bbox 926 2792 1047 2841; x_wconf 85' lang='lat' dir='ltr'>mitescere</span> <span class='ocrx_word' id='word_1_256' title='bbox 1062 2808 1179 2857; x_wconf 83' lang='lat' dir='ltr'>campos:</span> <span class='ocrx_word' id='word_1_257' title='bbox 1194 2791 1296 2840; x_wconf 77' lang='lat' dir='ltr'>Occidet</span> 
     </span>
     <span class='ocr_line' id='line_1_28' title="bbox 236 2870 1296 2944; baseline 0.003 -25"><span class='ocrx_word' id='word_1_258' title='bbox 236 2884 329 2921; x_wconf 76' lang='lat' dir='ltr'>aterna</span> <span class='ocrx_word' id='word_1_259' title='bbox 346 2874 447 2922; x_wconf 79' lang='lat' dir='ltr'>tandem</span> <span class='ocrx_word' id='word_1_260' title='bbox 465 2875 583 2926; x_wconf 63' lang='lat' dir='ltr'>commta</span> <span class='ocrx_word' id='word_1_261' title='bbox 602 2889 674 2926; x_wconf 87' lang='lat' dir='ltr'>nocte</span> <span class='ocrx_word' id='word_1_262' title='bbox 692 2879 763 2944; x_wconf 89' lang='lat' dir='ltr'>(non</span> <span class='ocrx_word' id='word_1_263' title='bbox 778 2889 869 2935; x_wconf 84' lang='lat' dir='ltr'>morte,</span> <span class='ocrx_word' id='word_1_264' title='bbox 885 2891 948 2926; x_wconf 87' lang='lat' dir='ltr'>nam</span> <span class='ocrx_word' id='word_1_265' title='bbox 964 2872 1020 2925; x_wconf 72' lang='lat' dir='ltr'>boe</span> <span class='ocrx_word' id='word_1_266' title='bbox 1042 2891 1090 2924; x_wconf 83' lang='lat' dir='ltr'>von</span> <span class='ocrx_word' id='word_1_267' title='bbox 1109 2873 1198 2926; x_wconf 86' lang='lat' dir='ltr'>statim</span> <span class='ocrx_word' id='word_1_268' title='bbox 1216 2870 1296 2936; x_wconf 87' lang='lat' dir='ltr'>redit,</span> 
     </span>
     <span class='ocr_line' id='line_1_29' title="bbox 234 2954 1295 3028; baseline 0.001 -22"><span class='ocrx_word' id='word_1_269' title='bbox 234 2972 260 3006; x_wconf 85' lang='lat' dir='ltr'>v.</span> <span class='ocrx_word' id='word_1_270' title='bbox 277 2955 342 3021; x_wconf 78' lang='lat'>28⁵,</span> <span class='ocrx_word' id='word_1_271' title='bbox 357 2967 382 3007; x_wconf 87' lang='lat' dir='ltr'>et</span> <span class='ocrx_word' id='word_1_272' title='bbox 402 2974 475 3010; x_wconf 80' lang='lat' dir='ltr'>mors</span> <span class='ocrx_word' id='word_1_273' title='bbox 492 2957 574 3027; x_wconf 81' lang='lat' dir='ltr'>poetis</span> <span class='ocrx_word' id='word_1_274' title='bbox 592 2954 690 3012; x_wconf 82' lang='lat' dir='ltr'>dicitur</span> <span class='ocrx_word' id='word_1_275' title='bbox 706 2963 849 3027; x_wconf 80' lang='lat' dir='ltr'>nox)lom</span> <span class='ocrx_word' id='word_1_276' title='bbox 866 2976 947 3024; x_wconf 63' lang='lat' dir='ltr'>seges,</span> <span class='ocrx_word' id='word_1_277' title='bbox 960 2967 1010 3010; x_wconf 84' lang='lat' dir='ltr'>ele.</span> <span class='ocrx_word' id='word_1_278' title='bbox 1025 2956 1088 3008; x_wconf 69' lang='lat' dir='ltr'>Hac</span> <span class='ocrx_word' id='word_1_279' title='bbox 1106 2954 1184 3028; x_wconf 67' lang='lat' dir='ltr'>igitur</span> <span class='ocrx_word' id='word_1_280' title='bbox 1198 2957 1295 3022; x_wconf 70' lang='lat' dir='ltr'>Waicf.</span> 
     </span>
     <span class='ocr_line' id='line_1_30' title="bbox 233 3039 1295 3112; baseline -0.005 -20"><span class='ocrx_word' id='word_1_281' title='bbox 233 3039 360 3112; x_wconf 82' lang='lat' dir='ltr'>pleraque</span> <span class='ocrx_word' id='word_1_282' title='bbox 374 3054 451 3094; x_wconf 86' lang='lat' dir='ltr'>acute</span> <span class='ocrx_word' id='word_1_283' title='bbox 462 3065 483 3094; x_wconf 78' lang='grc' dir='ltr'>ι.</span> <span class='ocrx_word' id='word_1_284' title='bbox 495 3045 673 3094; x_wconf 71' lang='lat' dir='ltr'>—Mitescere</span> <span class='ocrx_word' id='word_1_285' title='bbox 692 3041 737 3094; x_wconf 81' lang='lat' dir='ltr'>sic</span> <span class='ocrx_word' id='word_1_286' title='bbox 757 3059 850 3112; x_wconf 89' lang='lat' dir='ltr'>supra,</span> <span class='ocrx_word' id='word_1_287' title='bbox 861 3041 898 3103; x_wconf 87' lang='lat' dir='ltr'>V,</span> <span class='ocrx_word' id='word_1_288' title='bbox 921 3041 990 3108; x_wconf 81' lang='lat'>519:</span> <span class='ocrx_word' id='word_1_289' title='bbox 1012 3043 1134 3093; x_wconf 81' lang='lat' dir='ltr'>Caucasus</span> <span class='ocrx_word' id='word_1_290' title='bbox 1155 3053 1229 3106; x_wconf 81' lang='lat' dir='ltr'>utque</span> <span class='ocrx_word' id='word_1_291' title='bbox 1249 3041 1295 3088; x_wconf 81' lang='lat' dir='ltr'>tais</span> 
     </span>
     <span class='ocr_line' id='line_1_31' title="bbox 232 3121 1296 3190; baseline -0.002 -15"><span class='ocrx_word' id='word_1_292' title='bbox 232 3140 350 3190; x_wconf 83' lang='lat' dir='ltr'>quantum</span> <span class='ocrx_word' id='word_1_293' title='bbox 363 3125 484 3178; x_wconf 82' lang='lat' dir='ltr'>mitescat</span> <span class='ocrx_word' id='word_1_294' title='bbox 494 3127 724 3176; x_wconf 68' lang='lat' dir='ltr'>bolonie-Morte.</span> <span class='ocrx_word' id='word_1_295' title='bbox 735 3125 863 3188; x_wconf 81' lang='lat' dir='ltr'>Quamvis</span> <span class='ocrx_word' id='word_1_296' title='bbox 875 3124 930 3175; x_wconf 76' lang='lat' dir='ltr'>bac</span> <span class='ocrx_word' id='word_1_297' title='bbox 946 3143 999 3177; x_wconf 81' lang='lat' dir='ltr'>vox</span> <span class='ocrx_word' id='word_1_298' title='bbox 1011 3124 1097 3176; x_wconf 88' lang='lat' dir='ltr'>statim</span> <span class='ocrx_word' id='word_1_299' title='bbox 1109 3122 1179 3176; x_wconf 82' lang='lat' dir='ltr'>inira</span> <span class='ocrx_word' id='word_1_300' title='bbox 1190 3121 1296 3186; x_wconf 82' lang='lat' dir='ltr'>redeat,</span> 
     </span>
     <span class='ocr_line' id='line_1_32' title="bbox 233 3205 1296 3277; baseline 0 -20"><span class='ocrx_word' id='word_1_301' title='bbox 233 3225 287 3259; x_wconf 90' lang='lat' dir='ltr'>non</span> <span class='ocrx_word' id='word_1_302' title='bbox 301 3208 428 3262; x_wconf 88' lang='lat' dir='ltr'>continuo</span> <span class='ocrx_word' id='word_1_303' title='bbox 439 3207 578 3274; x_wconf 88' lang='lat' dir='ltr'>mutanda,</span> <span class='ocrx_word' id='word_1_304' title='bbox 590 3205 635 3260; x_wconf 88' lang='lat' dir='ltr'>sed</span> <span class='ocrx_word' id='word_1_305' title='bbox 650 3207 736 3277; x_wconf 87' lang='lat' dir='ltr'>potius</span> <span class='ocrx_word' id='word_1_306' title='bbox 746 3206 808 3268; x_wconf 86' lang='lat' dir='ltr'>ills,</span> <span class='ocrx_word' id='word_1_307' title='bbox 821 3218 849 3258; x_wconf 90' lang='lat' dir='ltr'>ut</span> <span class='ocrx_word' id='word_1_308' title='bbox 860 3207 948 3260; x_wconf 76' lang='lat' dir='ltr'>multe</span> <span class='ocrx_word' id='word_1_309' title='bbox 960 3209 1035 3271; x_wconf 75' lang='lat' dir='ltr'>aliae,</span> <span class='ocrx_word' id='word_1_310' title='bbox 1048 3207 1149 3260; x_wconf 88' lang='lat' dir='ltr'>auctori</span> <span class='ocrx_word' id='word_1_311' title='bbox 1159 3205 1296 3259; x_wconf 82' lang='lat' dir='ltr'>tribuenda</span> 
     </span>
     <span class='ocr_line' id='line_1_33' title="bbox 234 3289 1296 3362; baseline -0.001 -20"><span class='ocrx_word' id='word_1_312' title='bbox 234 3290 366 3360; x_wconf 84' lang='lat' dir='ltr'>repetitio,</span> <span class='ocrx_word' id='word_1_313' title='bbox 380 3291 535 3356; x_wconf 75' lang='lat' dir='ltr'>carloman,</span> <span class='ocrx_word' id='word_1_314' title='bbox 547 3291 568 3342; x_wconf 88' lang='lat' dir='ltr'>si</span> <span class='ocrx_word' id='word_1_315' title='bbox 579 3309 627 3362; x_wconf 89' lang='lat' dir='ltr'>per</span> <span class='ocrx_word' id='word_1_316' title='bbox 635 3289 717 3342; x_wconf 84' lang='lat' dir='ltr'>latum</span> <span class='ocrx_word' id='word_1_317' title='bbox 729 3289 859 3354; x_wconf 79' lang='lat' dir='ltr'>licuisset,</span> <span class='ocrx_word' id='word_1_318' title='bbox 870 3292 1014 3345; x_wconf 84' lang='lat' dir='ltr'>sublatura.</span> <span class='ocrx_word' id='word_1_319' title='bbox 1024 3292 1148 3344; x_wconf 78' lang='lat' dir='ltr'>Praeterea</span> <span class='ocrx_word' id='word_1_320' title='bbox 1159 3306 1230 3342; x_wconf 82' lang='lat' dir='ltr'>neces</span> <span class='ocrx_word' id='word_1_321' title='bbox 1242 3309 1296 3342; x_wconf 90' lang='lat' dir='ltr'>non</span> 
     </span>
     <span class='ocr_line' id='line_1_34' title="bbox 234 3372 1296 3444; baseline 0 -20"><span class='ocrx_word' id='word_1_322' title='bbox 234 3375 321 3443; x_wconf 85' lang='lat' dir='ltr'>placet</span> <span class='ocrx_word' id='word_1_323' title='bbox 337 3391 398 3427; x_wconf 89' lang='lat' dir='ltr'>eum</span> <span class='ocrx_word' id='word_1_324' title='bbox 416 3376 546 3434; x_wconf 72' lang='lat' dir='ltr'>conitere,-</span> <span class='ocrx_word' id='word_1_325' title='bbox 564 3389 659 3424; x_wconf 77' lang='lat' dir='ltr'>meren</span> <span class='ocrx_word' id='word_1_326' title='bbox 679 3391 730 3444; x_wconf 91' lang='lat' dir='ltr'>pro</span> <span class='ocrx_word' id='word_1_327' title='bbox 745 3389 823 3426; x_wconf 78' lang='lat' dir='ltr'>morte</span> <span class='ocrx_word' id='word_1_328' title='bbox 836 3373 955 3428; x_wconf 83' lang='lat' dir='ltr'>adbiberi</span> <span class='ocrx_word' id='word_1_329' title='bbox 971 3373 1139 3434; x_wconf 83' lang='lat' dir='ltr'>nouuescio,</span> <span class='ocrx_word' id='word_1_330' title='bbox 1156 3372 1247 3426; x_wconf 88' lang='lat' dir='ltr'>sedin</span> <span class='ocrx_word' id='word_1_331' title='bbox 1265 3373 1296 3425; x_wconf 83' lang='lat' dir='ltr'>iis</span> 
     </span>
     <span class='ocr_line' id='line_1_35' title="bbox 234 3455 1296 3530; baseline 0 -22"><span class='ocrx_word' id='word_1_332' title='bbox 234 3458 389 3530; x_wconf 90' lang='lat' dir='ltr'>plerumque</span> <span class='ocrx_word' id='word_1_333' title='bbox 412 3457 602 3523; x_wconf 86' lang='lat' dir='ltr'>locutionibus,</span> <span class='ocrx_word' id='word_1_334' title='bbox 614 3475 673 3529; x_wconf 84' lang='lat' dir='ltr'>quas</span> <span class='ocrx_word' id='word_1_335' title='bbox 691 3457 757 3509; x_wconf 85' lang='lat' dir='ltr'>lucis</span> <span class='ocrx_word' id='word_1_336' title='bbox 776 3459 915 3512; x_wconf 85' lang='lat' dir='ltr'>orbitatem</span> <span class='ocrx_word' id='word_1_337' title='bbox 929 3459 971 3510; x_wconf 81' lang='lat' dir='ltr'>vel</span> <span class='ocrx_word' id='word_1_338' title='bbox 988 3455 1108 3512; x_wconf 81' lang='lat' dir='ltr'>infernas</span> <span class='ocrx_word' id='word_1_339' title='bbox 1122 3457 1242 3512; x_wconf 85' lang='lat' dir='ltr'>tenebras</span> <span class='ocrx_word' id='word_1_340' title='bbox 1257 3456 1296 3508; x_wconf 91' lang='lat' dir='ltr'>iu·</span> 
     </span>
     <span class='ocr_line' id='line_1_36' title="bbox 234 3542 1296 3617; baseline -0.002 -25"><span class='ocrx_word' id='word_1_341' title='bbox 234 3552 335 3603; x_wconf 89' lang='lat' dir='ltr'>uuunt,</span> <span class='ocrx_word' id='word_1_342' title='bbox 348 3551 376 3592; x_wconf 89' lang='lat' dir='ltr'>ut</span> <span class='ocrx_word' id='word_1_343' title='bbox 394 3544 541 3593; x_wconf 80' lang='lat' dir='ltr'>clauduntur</span> <span class='ocrx_word' id='word_1_344' title='bbox 553 3544 646 3592; x_wconf 78' lang='lat' dir='ltr'>Irrmr&#39;na</span> <span class='ocrx_word' id='word_1_345' title='bbox 663 3556 743 3602; x_wconf 84' lang='lat' dir='ltr'>nocte,</span> <span class='ocrx_word' id='word_1_346' title='bbox 757 3551 807 3594; x_wconf 87' lang='lat' dir='ltr'>ete.</span> <span class='ocrx_word' id='word_1_347' title='bbox 826 3543 920 3616; x_wconf 80' lang='lat' dir='ltr'>Opera</span> <span class='ocrx_word' id='word_1_348' title='bbox 933 3543 1047 3617; x_wconf 87' lang='lat' dir='ltr'>pretium</span> <span class='ocrx_word' id='word_1_349' title='bbox 1063 3553 1101 3596; x_wconf 84' lang='lat' dir='ltr'>est</span> <span class='ocrx_word' id='word_1_350' title='bbox 1117 3542 1296 3612; x_wconf 84' lang='lat' dir='ltr'>conjecturam</span> 
     </span>
     <span class='ocr_line' id='line_1_37' title="bbox 235 3622 1297 3696; baseline 0 -23"><span class='ocrx_word' id='word_1_351' title='bbox 235 3622 349 3686; x_wconf 83' lang='lat' dir='ltr'>Heinsii‚</span> <span class='ocrx_word' id='word_1_352' title='bbox 361 3623 483 3696; x_wconf 81' lang='lat' dir='ltr'>quamvis</span> <span class='ocrx_word' id='word_1_353' title='bbox 495 3623 632 3688; x_wconf 88' lang='lat' dir='ltr'>inutilem,</span> <span class='ocrx_word' id='word_1_354' title='bbox 646 3623 809 3696; x_wconf 79' lang='lat' dir='ltr'>ingeniosam</span> <span class='ocrx_word' id='word_1_355' title='bbox 822 3639 926 3691; x_wconf 85' lang='lat' dir='ltr'>tamen,</span> <span class='ocrx_word' id='word_1_356' title='bbox 940 3628 1053 3681; x_wconf 74' lang='lat' dir='ltr'>referret</span> <span class='ocrx_word' id='word_1_357' title='bbox 1069 3627 1106 3680; x_wconf 85' lang='lat' dir='ltr'>sic</span> <span class='ocrx_word' id='word_1_358' title='bbox 1117 3626 1180 3677; x_wconf 89' lang='lat' dir='ltr'>ille:</span> <span class='ocrx_word' id='word_1_359' title='bbox 1196 3626 1297 3674; x_wconf 73' lang='lat' dir='ltr'>Occidet</span> 
     </span>
     <span class='ocr_line' id='line_1_38' title="bbox 237 3705 816 3778; baseline 0.009 -22"><span class='ocrx_word' id='word_1_360' title='bbox 237 3705 338 3762; x_wconf 85' lang='lat' dir='ltr'>alterno</span> <span class='ocrx_word' id='word_1_361' title='bbox 348 3709 447 3758; x_wconf 78' lang='lat' dir='ltr'>tandem</span> <span class='ocrx_word' id='word_1_362' title='bbox 458 3709 574 3759; x_wconf 75' lang='lat' dir='ltr'>Cadurcio</span> <span class='ocrx_word' id='word_1_363' title='bbox 583 3717 666 3759; x_wconf 83' lang='lat' dir='ltr'>marte</span> <span class='ocrx_word' id='word_1_364' title='bbox 675 3715 732 3758; x_wconf 79' lang='lat' dir='ltr'>lans</span> <span class='ocrx_word' id='word_1_365' title='bbox 741 3729 816 3778; x_wconf 73' lang='lat' dir='ltr'>seges.</span> 
     </span>
    </p>
   </div>
   <div class='ocr_carea' id='block_1_6' title="bbox 272 3895 1119 4216">
    <p class='ocr_par' dir='ltr' id='par_1_6' title="bbox 272 3895 1119 4216">
     <span class='ocr_line' id='line_1_39' title="bbox 272 3895 997 3949; baseline 0 -2"><span class='ocrx_word' id='word_1_366' title='bbox 272 3895 303 3948; x_wconf 86' lang='lat' dir='ltr'>V.</span> <span class='ocrx_word' id='word_1_367' title='bbox 315 3895 375 3947; x_wconf 82' lang='lat'>301.</span> <span class='ocrx_word' id='word_1_368' title='bbox 386 3900 464 3946; x_wconf 73' lang='lat' dir='ltr'>Sarra</span> <span class='ocrx_word' id='word_1_369' title='bbox 474 3898 595 3947; x_wconf 74' lang='lat' dir='ltr'>Echionia</span> <span class='ocrx_word' id='word_1_370' title='bbox 606 3916 648 3947; x_wconf 87' lang='lat' dir='ltr'>ceu</span> <span class='ocrx_word' id='word_1_371' title='bbox 660 3899 767 3948; x_wconf 77' lang='lat' dir='ltr'>Penthea</span> <span class='ocrx_word' id='word_1_372' title='bbox 780 3901 887 3949; x_wconf 70' lang='lat' dir='ltr'>Bacchus</span> <span class='ocrx_word' id='word_1_373' title='bbox 899 3901 923 3948; x_wconf 80' lang='lat' dir='ltr'>in</span> <span class='ocrx_word' id='word_1_374' title='bbox 938 3902 997 3948; x_wconf 85' lang='lat' dir='ltr'>aula</span> 
     </span>
     <span class='ocr_line' id='line_1_40' title="bbox 390 3980 969 4048; baseline 0.002 -19"><span class='ocrx_word' id='word_1_375' title='bbox 390 3983 494 4040; x_wconf 84' lang='lat' dir='ltr'>Deserit,</span> <span class='ocrx_word' id='word_1_376' title='bbox 509 3980 603 4047; x_wconf 83' lang='lat' dir='ltr'>infectis</span> <span class='ocrx_word' id='word_1_377' title='bbox 612 4001 659 4048; x_wconf 89' lang='lat' dir='ltr'>per</span> <span class='ocrx_word' id='word_1_378' title='bbox 671 3985 768 4032; x_wconf 82' lang='lat' dir='ltr'>roscida</span> <span class='ocrx_word' id='word_1_379' title='bbox 781 4001 873 4036; x_wconf 84' lang='lat' dir='ltr'>cornua</span> <span class='ocrx_word' id='word_1_380' title='bbox 886 3985 969 4042; x_wconf 83' lang='lat' dir='ltr'>vittis,</span> 
     </span>
     <span class='ocr_line' id='line_1_41' title="bbox 393 4067 1119 4134; baseline 0.004 -23"><span class='ocrx_word' id='word_1_381' title='bbox 393 4067 471 4127; x_wconf 80' lang='lat' dir='ltr'>Quum</span> <span class='ocrx_word' id='word_1_382' title='bbox 483 4080 546 4116; x_wconf 85' lang='lat' dir='ltr'>tenet</span> <span class='ocrx_word' id='word_1_383' title='bbox 557 4068 597 4115; x_wconf 85' lang='lat' dir='ltr'>ille</span> <span class='ocrx_word' id='word_1_384' title='bbox 607 4069 690 4125; x_wconf 88' lang='lat' dir='ltr'>deum,</span> <span class='ocrx_word' id='word_1_385' title='bbox 699 4069 892 4134; x_wconf 81' lang='lat' dir='ltr'>pudibundaque</span> <span class='ocrx_word' id='word_1_386' title='bbox 902 4069 1009 4134; x_wconf 77' lang='lat' dir='ltr'>tegmina</span> <span class='ocrx_word' id='word_1_387' title='bbox 1020 4069 1119 4122; x_wconf 85' lang='lat' dir='ltr'>matris,</span> 
     </span>
     <span class='ocr_line' id='line_1_42' title="bbox 395 4149 1092 4216; baseline 0 -20"><span class='ocrx_word' id='word_1_388' title='bbox 395 4151 576 4216; x_wconf 79' lang='lat' dir='ltr'>Tympanaque,</span> <span class='ocrx_word' id='word_1_389' title='bbox 587 4164 610 4198; x_wconf 85' lang='lat' dir='ltr'>ct</span> <span class='ocrx_word' id='word_1_390' title='bbox 620 4151 713 4200; x_wconf 84' lang='lat' dir='ltr'>mollem</span> <span class='ocrx_word' id='word_1_391' title='bbox 726 4153 802 4200; x_wconf 73' lang='lat' dir='ltr'>sabim</span> <span class='ocrx_word' id='word_1_392' title='bbox 814 4153 884 4198; x_wconf 84' lang='lat' dir='ltr'>miser</span> <span class='ocrx_word' id='word_1_393' title='bbox 892 4151 981 4214; x_wconf 82' lang='lat' dir='ltr'>accipit</span> <span class='ocrx_word' id='word_1_394' title='bbox 990 4149 1092 4198; x_wconf 75' lang='lat' dir='ltr'>bustam.</span> 
     </span>
    </p>
   </div>
   <div class='ocr_carea' id='block_1_7' title="bbox 0 0 1516 4678">
    <p class='ocr_par' dir='ltr' id='par_1_7' title="bbox 0 0 1516 4678">
     <span class='ocr_line' id='line_1_43' title="bbox 0 0 1516 4678; baseline 0 0"><span class='ocrx_word' id='word_1_395' title='bbox 0 0 1516 4678; x_wconf 95' lang='lat' dir='ltr'> </span> 
     </span>
    </p>
   </div>
  </div>
 </body>
</html>
