3022 4678
267 373 327 436 108
560 373 594 435 C.
619 373 834 439 VALERll
852 373 1029 439 FLACCI

304 506 355 569 Tu
372 505 440 568 face
455 503 596 568 luciferae
616 498 698 570 citus
715 504 756 570 ad
772 505 907 570 delubra
925 503 1037 570 Dianas

213 669 217 680 .
304 620 476 700 Deveniat,
497 641 601 683 sacras
619 619 711 683 solita
728 637 778 684 est
794 620 851 684 ubi
867 619 1006 686 fundere
1025 620 1121 686 taedas
1296 645 1333 682 m,

303 733 452 816 Colchis,
472 747 505 798 ct
520 735 633 822 aequali
645 733 813 800 dominam
830 735 967 799 lustrare
987 751 1122 803 caterva.

303 847 372 912 Nec
388 864 420 913 te
434 871 523 914 nunc
540 851 674 914 Hecates
695 851 810 915 subeat
826 867 948 932 metus,
969 868 1026 916 aut
1043 875 1115 916 mea
1135 852 1220 919 forte

302 963 461 1051 impediat
474 985 518 1028 nc
535 981 638 1053 coepta
653 965 754 1030 time:
774 966 852 1054 quin
874 965 991 1032 audeat
1007 981 1106 1055 opto:
1156 952 1158 964 l

304 1081 469 1145 Continuo
487 1081 636 1146 transibit
653 1103 761 1164 amor;
784 1098 949 1171 cantuque
965 1083 1108 1174 trilingui

304 1195 409 1282 Ipsam
427 1194 632 1262 flammiferos
649 1219 763 1286 cogam
781 1219 988 1286 compescere
1005 1215 1131 1276 tauros,
1293 1220 1329 1258 os

305 1310 565 1398 Amplexumquc
580 1313 647 1398 pati
656 1343 678 1376 n.
695 1311 870 1374 Volucrem
891 1327 971 1374 trino
987 1312 1102 1400 aspicit
1117 1315 1200 1394 Irin,

301 1425 529 1514 Festinamque
543 1424 636 1505 jubet
655 1426 787 1489 monitis
804 1446 916 1514 parcre
930 1426 1071 1506 Diones,

301 1540 342 1604 Et
355 1539 507 1619 juvenem
522 1540 697 1606 AEsonium
715 1540 871 1630 predicto
890 1541 1002 1605 sistere
1018 1542 1105 1607 luco.

243 1653 245 1662 '
346 1656 499 1721 Protinus
517 1657 594 1722 hinc
609 1658 669 1721 Iris
686 1657 831 1744 Minyas,
848 1657 1007 1745 Cytherea
1023 1660 1135 1745 petivit

291 1825 343 1872 ¹79·
356 1811 466 1874 mojam.
477 1812 541 1859 Carr.
551 1836 581 1845 -
593 1810 644 1857 180.
661 1809 763 1856 Fundere
774 1809 843 1857 oedm.
854 1810 930 1856 Vatic.
944 1809 997 1856 cod.
1016 1837 1047 1846 -
1060 1812 1112 1858 182.
1123 1811 1195 1858 Haud
1204 1815 1326 1874 messana

259 1872 381 1952 Impediat,
395 1908 436 1938 nee
445 1893 506 1937 enim
517 1901 552 1936 est
561 1893 625 1938 tund.
643 1890 696 1936 Ald.
714 1893 744 1936 Ut
753 1891 874 1952 measone
884 1891 1010 1954 Impediat,
1027 1907 1069 1937 nec
1080 1893 1139 1938 enim
1151 1903 1185 1938 ese
1201 1895 1267 1940 lasti.
1278 1895 1326 1940 Eu·

258 1979 322 2030 gent.
332 1985 361 2015 ex
372 1971 436 2030 conj.
453 1969 488 2015 Pii
499 1969 576 2016 ambo.
587 1969 701 2031 Impediat
712 1985 773 2014 nune
783 1979 837 2014 aeta
848 1971 907 2015 time.
919 1969 984 2015 Carr.
1000 1971 1019 2016 l.
1031 1973 1066 2018 Ns
1081 1971 1189 2033 inpediat
1203 1987 1265 2018 nunc
1275 1984 1326 2018 acta

259 2050 318 2094 risse.
332 2051 397 2095 Cart.
409 2049 440 2094 Il.
457 2051 492 2094 Ne
506 2063 519 2093 c
533 2056 586 2094 aera
597 2048 666 2093 anu.
676 2047 753 2094 Vatia.
767 2046 820 2094 cod.
833 2061 881 2093 nou
895 2063 937 2094 nec
952 2065 988 2094 me
1005 2049 1071 2104 etesi,
1082 2058 1109 2095 ut
1119 2049 1176 2097 citat
1188 2051 1267 2097 llains.
1281 2055 1326 2098 Nec

258 2128 321 2172 atati
331 2138 375 2172 me.
392 2129 482 2173 Βοποιι.
500 2127 557 2198 cod..
573 2129 622 2174 Nee
639 2142 677 2174 me
693 2128 760 2172 oetsa.
777 2129 869 2174 Bucen.
881 2128 892 2173 l
908 2136 932 2172 et
947 2127 979 2174 ll.
997 2130 1064 2174 lunt.
1081 2131 1126 2176 Nee
1136 2145 1172 2175 nse
1183 2132 1258 2176 AEetis
1269 2133 1327 2194 qaia

258 2205 349 2251 audeat.
357 2209 444 2253 Mases.
453 2206 513 2252 duce
523 2206 647 2254 sabellico.
658 2231 689 2242 -
705 2207 757 2255 186.
767 2206 1021 2271 Amplesunsqaepstit.
1031 2208 1107 2256 Vstic.
1116 2219 1141 2256 et
1150 2211 1240 2258 Bonum
1254 2209 1325 2257 codd.

259 2287 350 2330 Bonon.
364 2286 382 2330 l.
393 2288 459 2332 Junt.
476 2285 529 2333 Ald.
543 2285 703 2350 Amplesrsqae
714 2288 771 2350 peti.
783 2287 847 2334 Cart.
864 2313 895 2322 -
909 2287 961 2348 187.
972 2288 1140 2352 Festinansque.
1149 2289 1225 2337 Vatis.
1236 2293 1326 2338 Bonam

259 2363 330 2410 codd.
342 2373 366 2411 et
376 2363 431 2411 edd.
440 2373 494 2411 snte
505 2365 570 2412 can.
586 2366 630 2414 En.

297 2525 355 2576 ¹79·
376 2513 412 2558 Tu
424 2511 487 2576 face
497 2510 507 2576 (
517 2509 558 2560 lac
570 2510 579 2576 )
591 2515 668 2560 lason
691 2510 767 2569 ciem,
814 2524 867 2578 que
876 2524 964 2560 amare
974 2525 1053 2560 nemo
1064 2518 1189 2579 cuperet,
1200 2527 1232 2562 eo
1241 2507 1327 2580 adige

259 2578 377 2632 celeriter
389 2578 424 2632 ad
439 2578 550 2632 delubra
564 2579 654 2633 Diam
667 2578 769 2643 Veniat,
813 2604 843 2638 η
856 2586 984 2658 pmmltllt
993 2587 1101 2651 Venus,
1113 2599 1159 2652 ut,
1174 2587 1198 2640 si
1209 2588 1325 2642 consilli!

259 2679 344 2710 sacras
363 2663 405 2710 nbi
413 2660 523 2728 swidero
536 2663 627 2722 rodas,
643 2656 771 2711 redarum
814 2666 905 2720 obesse
916 2666 1043 2720 sustineat
1056 2669 1110 2720 suis
1120 2705 1128 2730 ,
1140 2679 1193 2720 tres
1204 2666 1270 2722 adeo
1279 2668 1326 2720 lin·

260 2737 360 2791 lumina
374 2738 454 2790 multa
471 2739 551 2793 sacris
564 2740 701 2794 nocturnis
714 2739 770 2791 Mc·
813 2763 877 2818 guas
896 2758 1077 2814 commoveat,
1095 2757 1126 2799 ut
1148 2747 1264 2819 potiatur
1282 2748 1325 2800 Ja-

257 2816 770 2881 deaadbiberesoleacomitantibusaliis
814 2843 930 2878 sone-
944 2830 1139 2894 Amplesumque
1154 2831 1220 2896 pati.
1241 2827 1325 2882 Nimis

258 2895 374 2967 ejusdem
399 2897 481 2950 atatis
505 2897 667 2971 virginibus,
692 2896 769 2950 dcam
812 2902 953 2976 indulgens
969 2905 1181 2977 estWagnerus.
1196 2906 1274 2961 Hunc
1287 2904 1325 2960 lo·

255 2975 376 3046 placare;
389 2978 593 3049 conf.Vl,497.
813 3001 874 3036 cum
895 2985 934 3037 ita
962 2985 1097 3057 scripsisse
1117 2985 1254 3039 Valerium
1282 2985 1326 3038 vix

294 3058 351 3111 182.
362 3061 414 3108 Nec
434 3073 457 3108 te
475 3077 541 3109 nune
558 3065 663 3110 Hecates
683 3062 770 3109 subeat
811 3074 885 3133 puto.
902 3064 1051 3136 imaginum
1069 3083 1101 3119 ac
1118 3066 1261 3118 verborum
1278 3065 1325 3119 im·

255 3149 343 3196 wem,
358 3136 415 3188 hec
428 3137 500 3188 enim
511 3149 659 3208 suspectam
670 3135 769 3189 habere
813 3140 942 3212 pudicitia
948 3179 956 3204 ,
974 3163 1007 3196 ne
1027 3145 1128 3198 Latinis
1153 3141 1276 3217 quidem,
1295 3146 1323 3196 in

255 3212 376 3266 Medeam
386 3215 580 3285 coeperat,Vl,
589 3216 651 3284 495,
660 3216 767 3268 neforte
812 3220 888 3292 epico
902 3223 1034 3288 carmine,
1046 3242 1178 3278 concessa.
1192 3224 1243 3276 En.

255 3292 398 3344 eonsilium
408 3312 498 3346 meum
508 3293 635 3366 impedire
644 3306 764 3348 conetur·
849 3303 907 3356 186.
921 3307 1050 3356 Volucrem
1073 3319 1130 3356 tunc
1152 3307 1241 3371 aspicit
1257 3306 1323 3365 Irin,

294 3371 352 3422 183.
374 3371 670 3440 Qatn‚i1nmo,audeas
689 3388 766 3440 opto:
810 3396 847 3432 sc.
865 3381 952 3446 Juno,
966 3401 1025 3454 quse
1043 3384 1086 3435 vix
1107 3383 1198 3436 abesse
1217 3393 1322 3454 potest.

255 3451 370 3500 continuo
386 3453 499 3502 tramibit
511 3471 582 3503 amor
594 3471 610 3506 a
622 3451 715 3510 Medea
730 3452 764 3506 ad
808 3458 922 3533 latetque
946 3463 1058 3516 fortasse
1082 3463 1112 3516 in
1137 3463 1230 3516 vocula
1248 3477 1321 3520 tunc,

253 3526 334 3597 ipsam
357 3528 488 3597 Hecaten,
511 3547 633 3600 cantuque
656 3536 766 3601 trilingui
808 3539 846 3590 ati
854 3554 924 3594 recte
932 3541 1040 3614 conjicit
1048 3542 1322 3605 scammoneae-

254 3606 316 3674 (cui
331 3607 359 3660 in
377 3622 494 3663 mentem
511 3629 564 3664 non
576 3611 666 3665 teniat
678 3611 765 3684 Virgi-
808 3637 914 3688 uamqoe
924 3623 994 3687 jubet
1006 3623 1104 3672 incultis
1116 3641 1208 3689 parere
1223 3623 1322 3672 Diones.

255 3683 340 3750 lianc,
354 3691 414 3740 AEn.
429 3689 477 3755 IV,
492 3693 554 3754 511,
568 3695 700 3760 tergemina
716 3697 764 3743 He·
809 3698 893 3752 Dione
915 3700 1019 3771 proprie
1040 3712 1079 3754 cst
1099 3713 1184 3754 mater
1193 3700 1322 3765 Veneris,

254 3781 317 3825 ease,
327 3770 765 3840 triavirgim'soroDianm.³)1psam
808 3779 892 3847 poetis
909 3792 997 3832 umen
1022 3780 1080 3852 ipsa
1090 3780 1183 3834 Venus
1202 3779 1255 3834 hoc
1277 3798 1321 3832 no·

246 3846 412 3914 flammiferas
436 3867 523 3917 cogam
543 3869 693 3918 compescere
711 3867 765 3904 tan·
809 3857 880 3911 minc
891 3859 973 3912 venit.

254 3944 302 3984 ros,
313 3928 617 3996 Amplexumquelascuis
622 3934 688 3999 pati.
698 3933 765 3987 Satis
847 3939 906 4006 189.
917 3938 1044 3992 Protinus
1049 3938 1112 3992 hinc
1125 3939 1175 3992 Iris
1184 3939 1319 4010 Argarou

254 4006 343 4074 jocosa
364 4006 448 4060 irrisio
475 4008 600 4074 Hecates,
622 4030 701 4082 quam
731 4013 764 4066 ab
808 4017 963 4082 tas,Vcnus
972 4018 1094 4071 Medeam
1106 4013 1266 4090 petiniano
1274 4037 1320 4070 aa·

257 4101 347 4136 amore
366 4087 439 4139 omni
458 4088 657 4158 abhorrentem,
672 4111 764 4164 quam·
808 4109 859 4147 tem
883 4095 909 4146 in
932 4097 1049 4150 Caucaso
1069 4111 1157 4152 monte
1177 4097 1317 4158 considet,
