<?xml version="1.0" encoding="UTF-8"?>
<!DOCTYPE html PUBLIC "-//W3C//DTD XHTML 1.0 Transitional//EN"
    "http://www.w3.org/TR/xhtml1/DTD/xhtml1-transitional.dtd">
<html xmlns="http://www.w3.org/1999/xhtml" xml:lang="en" lang="en">
 <head>
  <title>
</title>
<meta http-equiv="Content-Type" content="text/html;charset=utf-8" />
  <meta name='ocr-system' content='tesseract 3.04.00' />
  <meta name='ocr-capabilities' content='ocr_page ocr_carea ocr_par ocr_line ocrx_word'/>
</head>
<body>
  <div class='ocr_page' id='page_1' title='image "./cvaleriiflaccis02apolgoog_0383.png"; bbox 0 0 2994 4702; ppageno 0'>
   <div class='ocr_carea' id='block_1_1' title="bbox 117 383 1332 1647">
    <p class='ocr_par' dir='ltr' id='par_1_1' title="bbox 117 383 1332 1647">
     <span class='ocr_line' id='line_1_1' title="bbox 504 383 1246 472; baseline 0.003 -26"><span class='ocrx_word' id='word_1_1' title='bbox 504 383 920 448; x_wconf 81' lang='lat' dir='ltr'><strong>ARGONAUTARUM.</strong></span> <span class='ocrx_word' id='word_1_2' title='bbox 1184 385 1246 472; x_wconf 83' lang='lat'>377</span> 
     </span>
     <span class='ocr_line' id='line_1_2' title="bbox 184 504 1250 596; baseline 0.001 -26"><span class='ocrx_word' id='word_1_3' title='bbox 184 505 284 570; x_wconf 80' lang='lat' dir='ltr'>luisse</span> <span class='ocrx_word' id='word_1_4' title='bbox 300 529 319 569; x_wconf 79' lang='lat' dir='ltr'><strong>a</strong></span> <span class='ocrx_word' id='word_1_5' title='bbox 333 505 528 586; x_wconf 78' lang='lat' dir='ltr'>Theocrito,</span> <span class='ocrx_word' id='word_1_6' title='bbox 542 504 634 594; x_wconf 83' lang='lat' dir='ltr'>ldyll.</span> <span class='ocrx_word' id='word_1_7' title='bbox 648 507 743 572; x_wconf 84' lang='lat' dir='ltr'>XXII</span> <span class='ocrx_word' id='word_1_8' title='bbox 755 555 765 589; x_wconf 95' lang='lat'>,</span> <span class='ocrx_word' id='word_1_9' title='bbox 778 507 859 588; x_wconf 77' lang='lat'>1053</span> <span class='ocrx_word' id='word_1_10' title='bbox 874 527 974 595; x_wconf 83' lang='lat' dir='ltr'>quern</span> <span class='ocrx_word' id='word_1_11' title='bbox 993 506 1101 570; x_wconf 87' lang='lat' dir='ltr'>locum</span> <span class='ocrx_word' id='word_1_12' title='bbox 1121 507 1250 596; x_wconf 77' lang='lat' dir='ltr'>respicit</span> 
     </span>
     <span class='ocr_line' id='line_1_3' title="bbox 188 610 1248 698; baseline 0.002 -22"><span class='ocrx_word' id='word_1_13' title='bbox 188 611 376 676; x_wconf 73' lang='lat' dir='ltr'>Eustathius</span> <span class='ocrx_word' id='word_1_14' title='bbox 392 610 434 675; x_wconf 78' lang='lat' dir='ltr'>ud</span> <span class='ocrx_word' id='word_1_15' title='bbox 447 611 579 676; x_wconf 86' lang='lat' dir='ltr'>Homer.</span> <span class='ocrx_word' id='word_1_16' title='bbox 596 613 634 676; x_wconf 92' lang='lat' dir='ltr'>ll.</span> <span class='ocrx_word' id='word_1_17' title='bbox 653 613 701 697; x_wconf 91' lang='lat' dir='ltr'>ll,</span> <span class='ocrx_word' id='word_1_18' title='bbox 715 612 776 698; x_wconf 84' lang='lat'>595</span> <span class='ocrx_word' id='word_1_19' title='bbox 787 635 795 693; x_wconf 89' lang='lat'>;</span> <span class='ocrx_word' id='word_1_20' title='bbox 808 611 901 691; x_wconf 83' lang='lat' dir='ltr'>cujus</span> <span class='ocrx_word' id='word_1_21' title='bbox 917 610 1014 676; x_wconf 86' lang='lat' dir='ltr'>liliam</span> <span class='ocrx_word' id='word_1_22' title='bbox 1027 612 1130 692; x_wconf 88' lang='lat' dir='ltr'>lolen,</span> <span class='ocrx_word' id='word_1_23' title='bbox 1141 613 1248 678; x_wconf 85' lang='lat' dir='ltr'>occiso</span> 
     </span>
     <span class='ocr_line' id='line_1_4' title="bbox 187 714 1269 815; baseline -0.002 -33"><span class='ocrx_word' id='word_1_24' title='bbox 187 731 277 805; x_wconf 87' lang='lat' dir='ltr'>patre</span> <span class='ocrx_word' id='word_1_25' title='bbox 287 714 410 798; x_wconf 85' lang='lat' dir='ltr'>etliliis,</span> <span class='ocrx_word' id='word_1_26' title='bbox 421 715 576 804; x_wconf 83' lang='lat' dir='ltr'>captivam</span> <span class='ocrx_word' id='word_1_27' title='bbox 586 715 893 798; x_wconf 79' lang='lat' dir='ltr'>abduxitllercules3</span> <span class='ocrx_word' id='word_1_28' title='bbox 907 715 972 782; x_wconf 86' lang='lat' dir='ltr'>vid.</span> <span class='ocrx_word' id='word_1_29' title='bbox 982 716 1130 806; x_wconf 85' lang='lat' dir='ltr'>Apollod.</span> <span class='ocrx_word' id='word_1_30' title='bbox 1140 717 1196 784; x_wconf 86' lang='lat' dir='ltr'>lib.</span> <span class='ocrx_word' id='word_1_31' title='bbox 1204 717 1249 800; x_wconf 89' lang='lat'>11,</span> <span class='ocrx_word' id='word_1_32' title='bbox 1263 801 1269 815; x_wconf 16' lang='grc' dir='ltr'><strong>ἡ</strong></span> 
     </span>
     <span class='ocr_line' id='line_1_5' title="bbox 185 821 1249 910; baseline -0.002 -22"><span class='ocrx_word' id='word_1_33' title='bbox 185 845 253 910; x_wconf 78' lang='lat' dir='ltr'>etp.</span> <span class='ocrx_word' id='word_1_34' title='bbox 271 845 303 909; x_wconf 80' lang='lat'>73</span> <span class='ocrx_word' id='word_1_35' title='bbox 322 821 430 887; x_wconf 83' lang='lat' dir='ltr'>Schol.</span> <span class='ocrx_word' id='word_1_36' title='bbox 455 822 607 910; x_wconf 86' lang='lat' dir='ltr'>Sophocl.</span> <span class='ocrx_word' id='word_1_37' title='bbox 623 824 772 888; x_wconf 77' lang='lat' dir='ltr'><strong>Trachin.</strong></span> <span class='ocrx_word' id='word_1_38' title='bbox 799 825 862 889; x_wconf 78' lang='lat'>268</span> <span class='ocrx_word' id='word_1_39' title='bbox 885 841 916 888; x_wconf 91' lang='lat' dir='ltr'>et</span> <span class='ocrx_word' id='word_1_40' title='bbox 942 823 1024 905; x_wconf 78' lang='lat'>3553</span> <span class='ocrx_word' id='word_1_41' title='bbox 1041 823 1179 889; x_wconf 78' lang='lat' dir='ltr'>Pausan.</span> <span class='ocrx_word' id='word_1_42' title='bbox 1198 825 1249 904; x_wconf 94' lang='lat' dir='ltr'>ll,</span> 
     </span>
     <span class='ocr_line' id='line_1_6' title="bbox 185 925 1249 1018; baseline 0 -24"><span class='ocrx_word' id='word_1_43' title='bbox 185 951 255 1016; x_wconf 76' lang='lat' dir='ltr'>esp.</span> <span class='ocrx_word' id='word_1_44' title='bbox 274 925 331 1007; x_wconf 82' lang='lat'>15;</span> <span class='ocrx_word' id='word_1_45' title='bbox 344 927 475 992; x_wconf 85' lang='lat' dir='ltr'>Diodor.</span> <span class='ocrx_word' id='word_1_46' title='bbox 492 927 547 993; x_wconf 85' lang='lat' dir='ltr'>lib.</span> <span class='ocrx_word' id='word_1_47' title='bbox 565 929 622 1012; x_wconf 88' lang='lat' dir='ltr'>lV,</span> <span class='ocrx_word' id='word_1_48' title='bbox 637 953 669 1018; x_wconf 90' lang='lat' dir='ltr'>p.</span> <span class='ocrx_word' id='word_1_49' title='bbox 690 929 750 996; x_wconf 84' lang='lat'>165</span> <span class='ocrx_word' id='word_1_50' title='bbox 767 947 800 995; x_wconf 87' lang='lat' dir='ltr'>et</span> <span class='ocrx_word' id='word_1_51' title='bbox 817 931 878 1015; x_wconf 82' lang='lat'>169</span> <span class='ocrx_word' id='word_1_52' title='bbox 889 928 945 1016; x_wconf 89' lang='lat'>(1).</span> <span class='ocrx_word' id='word_1_53' title='bbox 959 929 1116 994; x_wconf 73' lang='lat' dir='ltr'>Preteree</span> <span class='ocrx_word' id='word_1_54' title='bbox 1129 929 1249 994; x_wconf 81' lang='lat' dir='ltr'><strong>Athen.</strong></span> 
     </span>
     <span class='ocr_line' id='line_1_7' title="bbox 185 1031 1249 1117; baseline 0 -19"><span class='ocrx_word' id='word_1_55' title='bbox 185 1033 241 1098; x_wconf 87' lang='lat' dir='ltr'>lib.</span> <span class='ocrx_word' id='word_1_56' title='bbox 262 1032 328 1110; x_wconf 86' lang='lat' dir='ltr'>lX,</span> <span class='ocrx_word' id='word_1_57' title='bbox 344 1031 492 1115; x_wconf 83' lang='lat' dir='ltr'>a,dicit,</span> <span class='ocrx_word' id='word_1_58' title='bbox 508 1034 665 1117; x_wconf 78' lang='lat' dir='ltr'>Eurytion</span> <span class='ocrx_word' id='word_1_59' title='bbox 686 1051 718 1098; x_wconf 87' lang='lat' dir='ltr'>et</span> <span class='ocrx_word' id='word_1_60' title='bbox 740 1035 842 1100; x_wconf 89' lang='lat' dir='ltr'>lilium</span> <span class='ocrx_word' id='word_1_61' title='bbox 866 1034 1008 1099; x_wconf 88' lang='lat' dir='ltr'>sublatos</span> <span class='ocrx_word' id='word_1_62' title='bbox 1032 1035 1073 1099; x_wconf 85' lang='lat' dir='ltr'>ab</span> <span class='ocrx_word' id='word_1_63' title='bbox 1091 1035 1249 1117; x_wconf 84' lang='lat' dir='ltr'>Hercule,</span> 
     </span>
     <span class='ocr_line' id='line_1_8' title="bbox 188 1137 1332 1230; baseline 0.002 -28"><span class='ocrx_word' id='word_1_64' title='bbox 188 1139 263 1227; x_wconf 84' lang='lat' dir='ltr'>quia</span> <span class='ocrx_word' id='word_1_65' title='bbox 280 1139 321 1204; x_wconf 87' lang='lat' dir='ltr'>ab</span> <span class='ocrx_word' id='word_1_66' title='bbox 339 1137 574 1208; x_wconf 82' lang='lat' dir='ltr'>Eubteensibus</span> <span class='ocrx_word' id='word_1_67' title='bbox 588 1141 709 1204; x_wconf 86' lang='lat' dir='ltr'>tributa</span> <span class='ocrx_word' id='word_1_68' title='bbox 724 1141 903 1230; x_wconf 74' lang='lat' dir='ltr'>exigebant.</span> <span class='ocrx_word' id='word_1_69' title='bbox 920 1143 969 1205; x_wconf 90' lang='lat' dir='ltr'>De</span> <span class='ocrx_word' id='word_1_70' title='bbox 986 1141 1049 1206; x_wconf 89' lang='lat' dir='ltr'>hoc</span> <span class='ocrx_word' id='word_1_71' title='bbox 1063 1141 1187 1226; x_wconf 64' lang='lat' dir='ltr'>Euryto</span> <span class='ocrx_word' id='word_1_72' title='bbox 1203 1157 1252 1204; x_wconf 88' lang='lat' dir='ltr'>est</span> <span class='ocrx_word' id='word_1_73' title='bbox 1325 1171 1332 1184; x_wconf 93' lang='lat'>·</span> 
     </span>
     <span class='ocr_line' id='line_1_9' title="bbox 117 1239 1250 1333; baseline 0 -25"><span class='ocrx_word' id='word_1_74' title='bbox 117 1239 125 1256; x_wconf 85' lang='lat'>&#39;</span> <span class='ocrx_word' id='word_1_75' title='bbox 188 1244 384 1333; x_wconf 69' lang='lat' dir='ltr'>epigramma</span> <span class='ocrx_word' id='word_1_76' title='bbox 405 1259 531 1309; x_wconf 83' lang='lat' dir='ltr'>sextum</span> <span class='ocrx_word' id='word_1_77' title='bbox 559 1245 762 1326; x_wconf 83' lang='lat' dir='ltr'><strong>Callimachi,</strong></span> <span class='ocrx_word' id='word_1_78' title='bbox 777 1245 833 1309; x_wconf 89' lang='lat' dir='ltr'>ubi</span> <span class='ocrx_word' id='word_1_79' title='bbox 851 1247 960 1310; x_wconf 88' lang='lat' dir='ltr'>nescio</span> <span class='ocrx_word' id='word_1_80' title='bbox 978 1243 1058 1332; x_wconf 87' lang='lat' dir='ltr'>quid</span> <span class='ocrx_word' id='word_1_81' title='bbox 1074 1247 1199 1311; x_wconf 84' lang='lat' dir='ltr'>venerit</span> <span class='ocrx_word' id='word_1_82' title='bbox 1216 1247 1250 1309; x_wconf 89' lang='lat' dir='ltr'>in</span> 
     </span>
     <span class='ocr_line' id='line_1_10' title="bbox 184 1347 1250 1438; baseline 0.002 -26"><span class='ocrx_word' id='word_1_83' title='bbox 184 1363 325 1420; x_wconf 85' lang='lat' dir='ltr'>tuentem</span> <span class='ocrx_word' id='word_1_84' title='bbox 344 1352 445 1414; x_wconf 73' lang='lat' dir='ltr'>Anne</span> <span class='ocrx_word' id='word_1_85' title='bbox 467 1349 562 1412; x_wconf 85' lang='lat' dir='ltr'>Fabri</span> <span class='ocrx_word' id='word_1_86' title='bbox 586 1347 674 1431; x_wconf 76' lang='lat' dir='ltr'>filiae,</span> <span class='ocrx_word' id='word_1_87' title='bbox 696 1350 932 1438; x_wconf 27' lang='lat' dir='ltr'>quaefldurytcn</span> <span class='ocrx_word' id='word_1_88' title='bbox 950 1349 1066 1414; x_wconf 89' lang='lat' dir='ltr'>urbem</span> <span class='ocrx_word' id='word_1_89' title='bbox 1083 1348 1250 1430; x_wconf 87' lang='lat' dir='ltr'>eamdem,</span> 
     </span>
     <span class='ocr_line' id='line_1_11' title="bbox 184 1452 1251 1543; baseline 0.001 -27"><span class='ocrx_word' id='word_1_90' title='bbox 184 1473 256 1540; x_wconf 79' lang='lat' dir='ltr'>quoe</span> <span class='ocrx_word' id='word_1_91' title='bbox 272 1453 426 1518; x_wconf 84' lang='lat' dir='ltr'>OEehalia</span> <span class='ocrx_word' id='word_1_92' title='bbox 441 1452 572 1535; x_wconf 88' lang='lat' dir='ltr'>dicitur,</span> <span class='ocrx_word' id='word_1_93' title='bbox 583 1454 735 1542; x_wconf 85' lang='lat' dir='ltr'>explicat,</span> <span class='ocrx_word' id='word_1_94' title='bbox 746 1475 849 1542; x_wconf 88' lang='lat' dir='ltr'>quum</span> <span class='ocrx_word' id='word_1_95' title='bbox 866 1456 908 1518; x_wconf 93' lang='lat' dir='ltr'>sit</span> <span class='ocrx_word' id='word_1_96' title='bbox 921 1455 981 1519; x_wconf 84' lang='lat' dir='ltr'>viri</span> <span class='ocrx_word' id='word_1_97' title='bbox 999 1475 1119 1518; x_wconf 88' lang='lat' dir='ltr'>nomen</span> <span class='ocrx_word' id='word_1_98' title='bbox 1130 1503 1139 1536; x_wconf 97' lang='lat'>,</span> <span class='ocrx_word' id='word_1_99' title='bbox 1152 1455 1251 1543; x_wconf 78' lang='lat' dir='ltr'>petris</span> 
     </span>
     <span class='ocr_line' id='line_1_12' title="bbox 183 1557 1251 1647; baseline 0.004 -27"><span class='ocrx_word' id='word_1_100' title='bbox 183 1557 284 1640; x_wconf 86' lang='lat' dir='ltr'>loles;</span> <span class='ocrx_word' id='word_1_101' title='bbox 309 1557 367 1622; x_wconf 84' lang='lat' dir='ltr'>sed</span> <span class='ocrx_word' id='word_1_102' title='bbox 391 1559 553 1622; x_wconf 84' lang='lat' dir='ltr'>Homerus</span> <span class='ocrx_word' id='word_1_103' title='bbox 572 1558 592 1624; x_wconf 91' lang='lat' dir='ltr'>l.</span> <span class='ocrx_word' id='word_1_104' title='bbox 619 1559 638 1624; x_wconf 91' lang='lat' dir='ltr'>l.</span> <span class='ocrx_word' id='word_1_105' title='bbox 663 1559 778 1647; x_wconf 84' lang='lat' dir='ltr'>Euryti</span> <span class='ocrx_word' id='word_1_106' title='bbox 801 1559 915 1623; x_wconf 88' lang='lat' dir='ltr'>urbem</span> <span class='ocrx_word' id='word_1_107' title='bbox 935 1559 1121 1624; x_wconf 83' lang='lat' dir='ltr'>OEchalinrn</span> <span class='ocrx_word' id='word_1_108' title='bbox 1137 1575 1251 1642; x_wconf 72' lang='lat' dir='ltr'>vocat,</span> 
     </span>
    </p>
   </div>
   <div class='ocr_carea' id='block_1_2' title="bbox 87 1661 1253 1754">
    <p class='ocr_par' dir='ltr' id='par_1_2' title="bbox 87 1661 1253 1754">
     <span class='ocr_line' id='line_1_13' title="bbox 87 1661 1253 1754; baseline 0 -26"><span class='ocrx_word' id='word_1_109' title='bbox 87 1679 89 1682; x_wconf 82' lang='grc'><strong>’</strong></span> <span class='ocrx_word' id='word_1_110' title='bbox 183 1661 257 1737; x_wconf 84' lang='lat' dir='ltr'>vide</span> <span class='ocrx_word' id='word_1_111' title='bbox 272 1663 318 1728; x_wconf 91' lang='lat' dir='ltr'>ibi</span> <span class='ocrx_word' id='word_1_112' title='bbox 331 1663 547 1728; x_wconf 84' lang='lat' dir='ltr'>Eustathium.</span> <span class='ocrx_word' id='word_1_113' title='bbox 559 1664 623 1729; x_wconf 85' lang='lat' dir='ltr'>Sed</span> <span class='ocrx_word' id='word_1_114' title='bbox 636 1665 729 1730; x_wconf 81' lang='lat' dir='ltr'>htale</span> <span class='ocrx_word' id='word_1_115' title='bbox 743 1683 792 1730; x_wconf 89' lang='lat' dir='ltr'>est</span> <span class='ocrx_word' id='word_1_116' title='bbox 805 1664 1135 1754; x_wconf 81' lang='lat' dir='ltr'>Gallis(2)hotninum</span> <span class='ocrx_word' id='word_1_117' title='bbox 1151 1665 1253 1730; x_wconf 88' lang='lat' dir='ltr'>nomi·</span> 
     </span>
    </p>
   </div>
   <div class='ocr_carea' id='block_1_3' title="bbox 184 1768 1251 1966">
    <p class='ocr_par' dir='ltr' id='par_1_3' title="bbox 184 1768 1251 1966">
     <span class='ocr_line' id='line_1_14' title="bbox 185 1768 1251 1858; baseline 0.003 -27"><span class='ocrx_word' id='word_1_118' title='bbox 185 1791 226 1832; x_wconf 88' lang='lat' dir='ltr'>na</span> <span class='ocrx_word' id='word_1_119' title='bbox 240 1771 275 1832; x_wconf 91' lang='lat' dir='ltr'>in</span> <span class='ocrx_word' id='word_1_120' title='bbox 287 1769 386 1834; x_wconf 83' lang='lat' dir='ltr'>urbes</span> <span class='ocrx_word' id='word_1_121' title='bbox 398 1769 636 1836; x_wconf 75' lang='lat' dir='ltr'>transformare.</span> <span class='ocrx_word' id='word_1_122' title='bbox 646 1772 808 1836; x_wconf 86' lang='lat' dir='ltr'>Homerus</span> <span class='ocrx_word' id='word_1_123' title='bbox 821 1793 900 1835; x_wconf 78' lang='lat' dir='ltr'>vero</span> <span class='ocrx_word' id='word_1_124' title='bbox 913 1768 993 1836; x_wconf 92' lang='lat' dir='ltr'>dicit</span> <span class='ocrx_word' id='word_1_125' title='bbox 1001 1771 1047 1834; x_wconf 92' lang='lat' dir='ltr'>ibi</span> <span class='ocrx_word' id='word_1_126' title='bbox 1056 1819 1066 1852; x_wconf 92' lang='lat'>,</span> <span class='ocrx_word' id='word_1_127' title='bbox 1074 1769 1251 1858; x_wconf 80' lang='lat' dir='ltr'>Thamyrin</span> 
     </span>
     <span class='ocr_line' id='line_1_15' title="bbox 184 1875 1251 1966; baseline 0.002 -28"><span class='ocrx_word' id='word_1_128' title='bbox 184 1876 293 1938; x_wconf 83' lang='lat' dir='ltr'>venire</span> <span class='ocrx_word' id='word_1_129' title='bbox 304 1897 343 1938; x_wconf 81' lang='lat' dir='ltr'>ex</span> <span class='ocrx_word' id='word_1_130' title='bbox 353 1875 507 1940; x_wconf 81' lang='lat' dir='ltr'>OEchalia</span> <span class='ocrx_word' id='word_1_131' title='bbox 520 1876 560 1940; x_wconf 88' lang='lat' dir='ltr'>ab</span> <span class='ocrx_word' id='word_1_132' title='bbox 572 1877 714 1966; x_wconf 84' lang='lat' dir='ltr'>Euryto;</span> <span class='ocrx_word' id='word_1_133' title='bbox 730 1899 797 1965; x_wconf 88' lang='lat' dir='ltr'>quo</span> <span class='ocrx_word' id='word_1_134' title='bbox 808 1878 967 1966; x_wconf 76' lang='lat' dir='ltr'>respicere</span> <span class='ocrx_word' id='word_1_135' title='bbox 978 1894 1060 1965; x_wconf 92' lang='lat' dir='ltr'>puto</span> <span class='ocrx_word' id='word_1_136' title='bbox 1071 1877 1251 1942; x_wconf 84' lang='lat' dir='ltr'>Lucianum</span> 
     </span>
    </p>
   </div>
   <div class='ocr_carea' id='block_1_4' title="bbox 185 1981 1370 2072">
    <p class='ocr_par' dir='ltr' id='par_1_4' title="bbox 185 1981 1370 2072">
     <span class='ocr_line' id='line_1_16' title="bbox 185 1981 1370 2072; baseline 0.002 -28"><span class='ocrx_word' id='word_1_137' title='bbox 185 1983 219 2046; x_wconf 87' lang='lat' dir='ltr'>in</span> <span class='ocrx_word' id='word_1_138' title='bbox 247 1981 426 2064; x_wconf 74' lang='lat' dir='ltr'>Pinnetem,</span> <span class='ocrx_word' id='word_1_139' title='bbox 443 2005 474 2071; x_wconf 88' lang='lat' dir='ltr'>p.</span> <span class='ocrx_word' id='word_1_140' title='bbox 493 2005 574 2063; x_wconf 78' lang='lat' dir='ltr'>uon,</span> <span class='ocrx_word' id='word_1_141' title='bbox 591 1981 639 2046; x_wconf 89' lang='lat' dir='ltr'>ed</span> <span class='ocrx_word' id='word_1_142' title='bbox 661 1983 781 2048; x_wconf 90' lang='lat' dir='ltr'>Bourd.</span> <span class='ocrx_word' id='word_1_143' title='bbox 799 1983 857 2048; x_wconf 94' lang='lat' dir='ltr'>ubi</span> <span class='ocrx_word' id='word_1_144' title='bbox 868 1982 1045 2070; x_wconf 76' lang='lat' dir='ltr'>Thamyrin</span> <span class='ocrx_word' id='word_1_145' title='bbox 1061 1981 1170 2072; x_wconf 79' lang='lat' dir='ltr'>jungit</span> <span class='ocrx_word' id='word_1_146' title='bbox 1184 1982 1253 2046; x_wconf 85' lang='lat' dir='ltr'>Eu·</span> <span class='ocrx_word' id='word_1_147' title='bbox 1368 1993 1370 1998; x_wconf 87' lang='lat'>&#39;</span> 
     </span>
    </p>
   </div>
   <div class='ocr_carea' id='block_1_5' title="bbox 182 2087 1254 3764">
    <p class='ocr_par' dir='ltr' id='par_1_5' title="bbox 182 2087 1254 3764">
     <span class='ocr_line' id='line_1_17' title="bbox 185 2087 1251 2177; baseline 0.002 -29"><span class='ocrx_word' id='word_1_148' title='bbox 185 2101 270 2172; x_wconf 71' lang='lat' dir='ltr'>mo,</span> <span class='ocrx_word' id='word_1_149' title='bbox 284 2103 317 2151; x_wconf 87' lang='lat' dir='ltr'>et</span> <span class='ocrx_word' id='word_1_150' title='bbox 338 2087 427 2152; x_wconf 89' lang='lat' dir='ltr'>illum</span> <span class='ocrx_word' id='word_1_151' title='bbox 449 2088 559 2152; x_wconf 87' lang='lat' dir='ltr'>innuit</span> <span class='ocrx_word' id='word_1_152' title='bbox 578 2088 688 2152; x_wconf 79' lang='lat' dir='ltr'>Muses</span> <span class='ocrx_word' id='word_1_153' title='bbox 712 2088 848 2154; x_wconf 88' lang='lat' dir='ltr'>cauendi</span> <span class='ocrx_word' id='word_1_154' title='bbox 866 2105 950 2170; x_wconf 82' lang='lat' dir='ltr'>erte,</span> <span class='ocrx_word' id='word_1_155' title='bbox 964 2089 1054 2153; x_wconf 90' lang='lat' dir='ltr'>hunc</span> <span class='ocrx_word' id='word_1_156' title='bbox 1071 2087 1251 2177; x_wconf 83' lang='lat' dir='ltr'>Apollinem</span> 
     </span>
     <span class='ocr_line' id='line_1_18' title="bbox 182 2193 1253 2284; baseline 0.001 -27"><span class='ocrx_word' id='word_1_157' title='bbox 182 2193 342 2272; x_wconf 86' lang='lat' dir='ltr'>jaculandi</span> <span class='ocrx_word' id='word_1_158' title='bbox 359 2218 534 2284; x_wconf 81' lang='lat' dir='ltr'>provocare</span> <span class='ocrx_word' id='word_1_159' title='bbox 549 2219 645 2262; x_wconf 88' lang='lat' dir='ltr'>ausos</span> <span class='ocrx_word' id='word_1_160' title='bbox 656 2221 665 2281; x_wconf 81' lang='lat'>3</span> <span class='ocrx_word' id='word_1_161' title='bbox 676 2195 761 2262; x_wconf 88' lang='lat' dir='ltr'>idem</span> <span class='ocrx_word' id='word_1_162' title='bbox 773 2219 851 2260; x_wconf 89' lang='lat' dir='ltr'>vero</span> <span class='ocrx_word' id='word_1_163' title='bbox 868 2212 917 2260; x_wconf 88' lang='lat' dir='ltr'>est</span> <span class='ocrx_word' id='word_1_164' title='bbox 927 2197 980 2260; x_wconf 92' lang='lat' dir='ltr'>ille</span> <span class='ocrx_word' id='word_1_165' title='bbox 991 2197 1132 2283; x_wconf 60' lang='lat' dir='ltr'>Eufrtus</span> <span class='ocrx_word' id='word_1_166' title='bbox 1146 2197 1253 2283; x_wconf 83' lang='lat' dir='ltr'>Dryo-</span> 
     </span>
     <span class='ocr_line' id='line_1_19' title="bbox 185 2299 1249 2388; baseline 0.002 -25"><span class='ocrx_word' id='word_1_167' title='bbox 185 2299 234 2386; x_wconf 89' lang='lat' dir='ltr'>pis</span> <span class='ocrx_word' id='word_1_168' title='bbox 251 2317 342 2388; x_wconf 87' lang='lat' dir='ltr'>pater</span> <span class='ocrx_word' id='word_1_169' title='bbox 359 2299 493 2384; x_wconf 78' lang='lat' dir='ltr'>Ouidio,</span> <span class='ocrx_word' id='word_1_170' title='bbox 508 2301 586 2367; x_wconf 87' lang='lat' dir='ltr'>Met.</span> <span class='ocrx_word' id='word_1_171' title='bbox 604 2303 672 2385; x_wconf 88' lang='lat' dir='ltr'>IX,</span> <span class='ocrx_word' id='word_1_172' title='bbox 688 2300 774 2367; x_wconf 82' lang='lat'>356:</span> <span class='ocrx_word' id='word_1_173' title='bbox 793 2303 846 2366; x_wconf 87' lang='lat' dir='ltr'>illa</span> <span class='ocrx_word' id='word_1_174' title='bbox 862 2301 949 2366; x_wconf 89' lang='lat' dir='ltr'>euim</span> <span class='ocrx_word' id='word_1_175' title='bbox 972 2324 1066 2366; x_wconf 92' lang='lat' dir='ltr'>soror</span> <span class='ocrx_word' id='word_1_176' title='bbox 1082 2301 1163 2366; x_wconf 76' lang='lat' dir='ltr'>Ioles</span> <span class='ocrx_word' id='word_1_177' title='bbox 1178 2299 1249 2366; x_wconf 84' lang='lat' dir='ltr'>fuit.</span> 
     </span>
     <span class='ocr_line' id='line_1_20' title="bbox 184 2405 1251 2494; baseline -0.002 -23"><span class='ocrx_word' id='word_1_178' title='bbox 184 2405 274 2471; x_wconf 85' lang='lat' dir='ltr'>Alius</span> <span class='ocrx_word' id='word_1_179' title='bbox 296 2407 392 2472; x_wconf 88' lang='lat' dir='ltr'>etiam</span> <span class='ocrx_word' id='word_1_180' title='bbox 417 2407 576 2494; x_wconf 75' lang='lat' dir='ltr'>Eurytus,</span> <span class='ocrx_word' id='word_1_181' title='bbox 590 2408 717 2474; x_wconf 83' lang='lat' dir='ltr'>Actoris</span> <span class='ocrx_word' id='word_1_182' title='bbox 745 2408 848 2489; x_wconf 85' lang='lat' dir='ltr'>filius,</span> <span class='ocrx_word' id='word_1_183' title='bbox 864 2409 961 2472; x_wconf 80' lang='lat' dir='ltr'>irater</span> <span class='ocrx_word' id='word_1_184' title='bbox 979 2409 1082 2474; x_wconf 86' lang='lat' dir='ltr'>Cteati</span> <span class='ocrx_word' id='word_1_185' title='bbox 1099 2405 1177 2490; x_wconf 89' lang='lat' dir='ltr'>fuit,</span> <span class='ocrx_word' id='word_1_186' title='bbox 1194 2406 1251 2494; x_wconf 91' lang='lat' dir='ltr'>qui</span> 
     </span>
     <span class='ocr_line' id='line_1_21' title="bbox 185 2512 1252 2604; baseline 0 -28"><span class='ocrx_word' id='word_1_187' title='bbox 185 2512 376 2580; x_wconf 85' lang='lat' dir='ltr'>Moliouides</span> <span class='ocrx_word' id='word_1_188' title='bbox 403 2514 528 2594; x_wconf 87' lang='lat' dir='ltr'>dictus,</span> <span class='ocrx_word' id='word_1_189' title='bbox 549 2514 590 2580; x_wconf 88' lang='lat' dir='ltr'>de</span> <span class='ocrx_word' id='word_1_190' title='bbox 618 2539 686 2603; x_wconf 91' lang='lat' dir='ltr'>quo</span> <span class='ocrx_word' id='word_1_191' title='bbox 705 2515 779 2580; x_wconf 79' lang='lat' dir='ltr'>vide</span> <span class='ocrx_word' id='word_1_192' title='bbox 803 2537 900 2604; x_wconf 88' lang='lat' dir='ltr'>supra</span> <span class='ocrx_word' id='word_1_193' title='bbox 922 2516 956 2578; x_wconf 90' lang='lat' dir='ltr'>in</span> <span class='ocrx_word' id='word_1_194' title='bbox 978 2515 1141 2580; x_wconf 63' lang='lat' dir='ltr'>Actorides</span> <span class='ocrx_word' id='word_1_195' title='bbox 1161 2512 1252 2579; x_wconf 90' lang='lat' dir='ltr'>etad</span> 
     </span>
     <span class='ocr_line' id='line_1_22' title="bbox 185 2617 1253 2710; baseline 0 -27"><span class='ocrx_word' id='word_1_196' title='bbox 185 2617 278 2683; x_wconf 81' lang='lat' dir='ltr'>Ovid.</span> <span class='ocrx_word' id='word_1_197' title='bbox 308 2619 386 2684; x_wconf 80' lang='lat' dir='ltr'>Met.</span> <span class='ocrx_word' id='word_1_198' title='bbox 409 2619 673 2702; x_wconf 79' lang='lat' dir='ltr'>tib.vl11,303;</span> <span class='ocrx_word' id='word_1_199' title='bbox 691 2619 773 2684; x_wconf 87' lang='lat' dir='ltr'>filius</span> <span class='ocrx_word' id='word_1_200' title='bbox 799 2623 867 2701; x_wconf 81' lang='lat' dir='ltr'>ejus</span> <span class='ocrx_word' id='word_1_201' title='bbox 889 2619 1059 2710; x_wconf 82' lang='lat' dir='ltr'>Thalpius,</span> <span class='ocrx_word' id='word_1_202' title='bbox 1084 2620 1139 2708; x_wconf 89' lang='lat' dir='ltr'>qui</span> <span class='ocrx_word' id='word_1_203' title='bbox 1166 2621 1253 2684; x_wconf 87' lang='lat' dir='ltr'>inter</span> 
     </span>
     <span class='ocr_line' id='line_1_23' title="bbox 186 2725 1252 2815; baseline 0.003 -27"><span class='ocrx_word' id='word_1_204' title='bbox 186 2747 303 2812; x_wconf 88' lang='lat' dir='ltr'>procos</span> <span class='ocrx_word' id='word_1_205' title='bbox 329 2725 460 2790; x_wconf 87' lang='lat' dir='ltr'>Helente</span> <span class='ocrx_word' id='word_1_206' title='bbox 481 2727 619 2790; x_wconf 89' lang='lat' dir='ltr'>refertur</span> <span class='ocrx_word' id='word_1_207' title='bbox 643 2727 685 2790; x_wconf 86' lang='lat' dir='ltr'>ab</span> <span class='ocrx_word' id='word_1_208' title='bbox 705 2725 855 2814; x_wconf 84' lang='lat' dir='ltr'>Apollod.</span> <span class='ocrx_word' id='word_1_209' title='bbox 882 2728 947 2807; x_wconf 90' lang='lat'>111,</span> <span class='ocrx_word' id='word_1_210' title='bbox 968 2750 1038 2815; x_wconf 90' lang='lat' dir='ltr'>cap.</span> <span class='ocrx_word' id='word_1_211' title='bbox 1060 2738 1123 2813; x_wconf 80' lang='lat'>9,§</span> <span class='ocrx_word' id='word_1_212' title='bbox 1142 2727 1172 2793; x_wconf 89' lang='lat'>8.</span> <span class='ocrx_word' id='word_1_213' title='bbox 1190 2726 1252 2792; x_wconf 86' lang='lat' dir='ltr'>llic</span> 
     </span>
     <span class='ocr_line' id='line_1_24' title="bbox 185 2829 1254 2914; baseline 0.003 -21"><span class='ocrx_word' id='word_1_214' title='bbox 185 2831 327 2914; x_wconf 76' lang='lat' dir='ltr'>Eurytto</span> <span class='ocrx_word' id='word_1_215' title='bbox 351 2829 445 2894; x_wconf 84' lang='lat' dir='ltr'>Pelea</span> <span class='ocrx_word' id='word_1_216' title='bbox 466 2853 484 2892; x_wconf 84' lang='lat' dir='ltr'>n</span> <span class='ocrx_word' id='word_1_217' title='bbox 511 2830 597 2894; x_wconf 80' lang='lat' dir='ltr'>caede</span> <span class='ocrx_word' id='word_1_218' title='bbox 619 2829 720 2894; x_wconf 90' lang='lat' dir='ltr'>Phoci</span> <span class='ocrx_word' id='word_1_219' title='bbox 735 2831 899 2908; x_wconf 77' lang='lat' dir='ltr'>lustravit,</span> <span class='ocrx_word' id='word_1_220' title='bbox 913 2847 951 2894; x_wconf 91' lang='lat' dir='ltr'>ut</span> <span class='ocrx_word' id='word_1_221' title='bbox 965 2847 1072 2896; x_wconf 83' lang='lat' dir='ltr'>narrat</span> <span class='ocrx_word' id='word_1_222' title='bbox 1089 2832 1194 2896; x_wconf 84' lang='lat' dir='ltr'>Tzetz.</span> <span class='ocrx_word' id='word_1_223' title='bbox 1211 2833 1254 2896; x_wconf 84' lang='lat' dir='ltr'>ad</span> 
     </span>
     <span class='ocr_line' id='line_1_25' title="bbox 186 2933 1251 3024; baseline 0.002 -25"><span class='ocrx_word' id='word_1_224' title='bbox 186 2933 330 3023; x_wconf 89' lang='lat' dir='ltr'>Lycoph.</span> <span class='ocrx_word' id='word_1_225' title='bbox 343 2955 424 2998; x_wconf 83' lang='lat' dir='ltr'>vers.</span> <span class='ocrx_word' id='word_1_226' title='bbox 444 2933 522 3019; x_wconf 74' lang='lat'>¹7⁵3</span> <span class='ocrx_word' id='word_1_227' title='bbox 535 2951 568 2998; x_wconf 91' lang='lat' dir='ltr'>et</span> <span class='ocrx_word' id='word_1_228' title='bbox 583 2934 703 3000; x_wconf 88' lang='lat' dir='ltr'>deinde</span> <span class='ocrx_word' id='word_1_229' title='bbox 714 2958 817 3023; x_wconf 86' lang='lat' dir='ltr'>quum</span> <span class='ocrx_word' id='word_1_230' title='bbox 831 2937 1000 3001; x_wconf 85' lang='lat' dir='ltr'>interesset</span> <span class='ocrx_word' id='word_1_231' title='bbox 1008 2937 1171 3001; x_wconf 85' lang='lat' dir='ltr'>venationi</span> <span class='ocrx_word' id='word_1_232' title='bbox 1182 2939 1251 3024; x_wconf 86' lang='lat' dir='ltr'>apri</span> 
     </span>
     <span class='ocr_line' id='line_1_26' title="bbox 186 3037 1251 3131; baseline 0.003 -27"><span class='ocrx_word' id='word_1_233' title='bbox 186 3037 354 3128; x_wconf 83' lang='lat' dir='ltr'>Calydonii</span> <span class='ocrx_word' id='word_1_234' title='bbox 365 3038 423 3125; x_wconf 88' lang='lat' dir='ltr'>(ut</span> <span class='ocrx_word' id='word_1_235' title='bbox 433 3038 574 3104; x_wconf 80' lang='lat' dir='ltr'>vidimus</span> <span class='ocrx_word' id='word_1_236' title='bbox 590 3062 629 3103; x_wconf 87' lang='lat' dir='ltr'>ex</span> <span class='ocrx_word' id='word_1_237' title='bbox 648 3040 766 3105; x_wconf 87' lang='lat' dir='ltr'>Ovidio</span> <span class='ocrx_word' id='word_1_238' title='bbox 778 3089 786 3122; x_wconf 96' lang='lat'>,</span> <span class='ocrx_word' id='word_1_239' title='bbox 800 3041 946 3128; x_wconf 85' lang='lat' dir='ltr'>quamvis</span> <span class='ocrx_word' id='word_1_240' title='bbox 963 3043 1081 3131; x_wconf 81' lang='lat' dir='ltr'>llygin.</span> <span class='ocrx_word' id='word_1_241' title='bbox 1096 3042 1160 3106; x_wconf 84' lang='lat' dir='ltr'>fab.</span> <span class='ocrx_word' id='word_1_242' title='bbox 1176 3043 1251 3128; x_wconf 81' lang='lat'>173,</span> 
     </span>
     <span class='ocr_line' id='line_1_27' title="bbox 186 3142 1252 3235; baseline 0.004 -27"><span class='ocrx_word' id='word_1_243' title='bbox 186 3165 253 3208; x_wconf 92' lang='lat' dir='ltr'>non</span> <span class='ocrx_word' id='word_1_244' title='bbox 269 3145 427 3230; x_wconf 78' lang='lat' dir='ltr'>Eurytum</span> <span class='ocrx_word' id='word_1_245' title='bbox 437 3191 448 3223; x_wconf 93' lang='lat'><em>‚</em></span> <span class='ocrx_word' id='word_1_246' title='bbox 466 3142 522 3208; x_wconf 90' lang='lat' dir='ltr'>sed</span> <span class='ocrx_word' id='word_1_247' title='bbox 542 3144 715 3234; x_wconf 83' lang='lat' dir='ltr'>Hippasum</span> <span class='ocrx_word' id='word_1_248' title='bbox 732 3145 847 3235; x_wconf 82' lang='lat' dir='ltr'>Euryti</span> <span class='ocrx_word' id='word_1_249' title='bbox 871 3145 973 3210; x_wconf 89' lang='lat' dir='ltr'>lilium</span> <span class='ocrx_word' id='word_1_250' title='bbox 989 3147 1192 3234; x_wconf 78' lang='lat' dir='ltr'>recenseat),</span> <span class='ocrx_word' id='word_1_251' title='bbox 1206 3148 1252 3212; x_wconf 88' lang='lat' dir='ltr'>ibi</span> 
     </span>
     <span class='ocr_line' id='line_1_28' title="bbox 186 3247 1251 3336; baseline 0.004 -24"><span class='ocrx_word' id='word_1_252' title='bbox 186 3271 205 3312; x_wconf 85' lang='lat' dir='ltr'>a</span> <span class='ocrx_word' id='word_1_253' title='bbox 227 3248 323 3314; x_wconf 80' lang='lat' dir='ltr'>Peleo</span> <span class='ocrx_word' id='word_1_254' title='bbox 346 3247 552 3336; x_wconf 89' lang='lat' dir='ltr'>imprudente</span> <span class='ocrx_word' id='word_1_255' title='bbox 569 3265 601 3313; x_wconf 87' lang='lat' dir='ltr'>et</span> <span class='ocrx_word' id='word_1_256' title='bbox 616 3249 717 3314; x_wconf 85' lang='lat' dir='ltr'>invito</span> <span class='ocrx_word' id='word_1_257' title='bbox 734 3252 860 3316; x_wconf 87' lang='lat' dir='ltr'>occisus</span> <span class='ocrx_word' id='word_1_258' title='bbox 879 3251 959 3332; x_wconf 69' lang='lat' dir='ltr'>luit,</span> <span class='ocrx_word' id='word_1_259' title='bbox 972 3250 1036 3316; x_wconf 80' lang='lat' dir='ltr'>vid.</span> <span class='ocrx_word' id='word_1_260' title='bbox 1054 3251 1161 3318; x_wconf 87' lang='lat' dir='ltr'>Schol.</span> <span class='ocrx_word' id='word_1_261' title='bbox 1177 3254 1251 3318; x_wconf 83' lang='lat' dir='ltr'>Ari·</span> 
     </span>
     <span class='ocr_line' id='line_1_29' title="bbox 186 3352 1250 3442; baseline 0.006 -25"><span class='ocrx_word' id='word_1_262' title='bbox 186 3355 293 3442; x_wconf 88' lang='lat' dir='ltr'>stoph.</span> <span class='ocrx_word' id='word_1_263' title='bbox 311 3353 344 3416; x_wconf 91' lang='lat' dir='ltr'>in</span> <span class='ocrx_word' id='word_1_264' title='bbox 362 3352 485 3418; x_wconf 91' lang='lat' dir='ltr'>Nubib.</span> <span class='ocrx_word' id='word_1_265' title='bbox 498 3376 544 3418; x_wconf 86' lang='lat' dir='ltr'>vs.</span> <span class='ocrx_word' id='word_1_266' title='bbox 563 3353 664 3440; x_wconf 70' lang='lat'>1059,</span> <span class='ocrx_word' id='word_1_267' title='bbox 690 3353 781 3442; x_wconf 89' lang='lat' dir='ltr'>quod</span> <span class='ocrx_word' id='word_1_268' title='bbox 800 3356 853 3420; x_wconf 86' lang='lat' dir='ltr'>alii</span> <span class='ocrx_word' id='word_1_269' title='bbox 868 3356 1038 3442; x_wconf 66' lang='lat' dir='ltr'>Eurytioni</span> <span class='ocrx_word' id='word_1_270' title='bbox 1051 3355 1250 3424; x_wconf 85' lang='lat' dir='ltr'>adscribunt.</span> 
     </span>
     <span class='ocr_line' id='line_1_30' title="bbox 186 3457 1251 3544; baseline 0.005 -22"><span class='ocrx_word' id='word_1_271' title='bbox 186 3459 324 3542; x_wconf 71' lang='lat' dir='ltr'>Eurytus</span> <span class='ocrx_word' id='word_1_272' title='bbox 339 3459 435 3522; x_wconf 85' lang='lat' dir='ltr'>etiarn</span> <span class='ocrx_word' id='word_1_273' title='bbox 454 3457 591 3522; x_wconf 83' lang='lat' dir='ltr'>Melanei</span> <span class='ocrx_word' id='word_1_274' title='bbox 610 3457 693 3522; x_wconf 87' lang='lat' dir='ltr'>filius</span> <span class='ocrx_word' id='word_1_275' title='bbox 710 3475 910 3524; x_wconf 84' lang='lat' dir='ltr'>memoratur</span> <span class='ocrx_word' id='word_1_276' title='bbox 927 3483 946 3524; x_wconf 86' lang='lat' dir='ltr'>a</span> <span class='ocrx_word' id='word_1_277' title='bbox 964 3462 1100 3528; x_wconf 85' lang='lat' dir='ltr'>Pausan.</span> <span class='ocrx_word' id='word_1_278' title='bbox 1119 3463 1174 3528; x_wconf 91' lang='lat' dir='ltr'>lib.</span> <span class='ocrx_word' id='word_1_279' title='bbox 1194 3464 1251 3544; x_wconf 89' lang='lat' dir='ltr'>IV,</span> 
     </span>
     <span class='ocr_line' id='line_1_31' title="bbox 186 3563 1251 3652; baseline 0.008 -24"><span class='ocrx_word' id='word_1_280' title='bbox 186 3587 255 3652; x_wconf 88' lang='lat' dir='ltr'>cap.</span> <span class='ocrx_word' id='word_1_281' title='bbox 274 3563 366 3646; x_wconf 80' lang='lat' dir='ltr'>33,a</span> <span class='ocrx_word' id='word_1_282' title='bbox 385 3587 451 3652; x_wconf 89' lang='lat' dir='ltr'>quo</span> <span class='ocrx_word' id='word_1_283' title='bbox 475 3564 623 3630; x_wconf 88' lang='lat' dir='ltr'>Melaneo</span> <span class='ocrx_word' id='word_1_284' title='bbox 647 3567 822 3648; x_wconf 85' lang='lat' dir='ltr'>Eretriam,</span> <span class='ocrx_word' id='word_1_285' title='bbox 845 3567 959 3632; x_wconf 87' lang='lat' dir='ltr'>urbem</span> <span class='ocrx_word' id='word_1_286' title='bbox 983 3570 1131 3651; x_wconf 82' lang='lat' dir='ltr'>Euboese,</span> <span class='ocrx_word' id='word_1_287' title='bbox 1150 3571 1251 3636; x_wconf 78' lang='lat' dir='ltr'>Melu-</span> 
     </span>
     <span class='ocr_line' id='line_1_32' title="bbox 188 3668 1253 3764; baseline 0.007 -31"><span class='ocrx_word' id='word_1_288' title='bbox 188 3668 282 3734; x_wconf 90' lang='lat' dir='ltr'>neida</span> <span class='ocrx_word' id='word_1_289' title='bbox 296 3669 447 3758; x_wconf 85' lang='lat' dir='ltr'>appellari</span> <span class='ocrx_word' id='word_1_290' title='bbox 461 3670 506 3734; x_wconf 91' lang='lat' dir='ltr'>ait</span> <span class='ocrx_word' id='word_1_291' title='bbox 517 3670 699 3758; x_wconf 74' lang='lat' dir='ltr'>Stephanus</span> <span class='ocrx_word' id='word_1_292' title='bbox 714 3672 746 3734; x_wconf 92' lang='lat' dir='ltr'>in</span> <span class='ocrx_word' id='word_1_293' title='bbox 762 3671 875 3753; x_wconf 69' lang='grc' dir='ltr'>ἑριτρὶα.</span> <span class='ocrx_word' id='word_1_294' title='bbox 888 3673 987 3739; x_wconf 85' lang='lat' dir='ltr'>Hunc</span> <span class='ocrx_word' id='word_1_295' title='bbox 996 3691 1077 3763; x_wconf 90' lang='lat' dir='ltr'>puto</span> <span class='ocrx_word' id='word_1_296' title='bbox 1086 3697 1169 3764; x_wconf 73' lang='lat' dir='ltr'>sepe</span> <span class='ocrx_word' id='word_1_297' title='bbox 1178 3699 1253 3740; x_wconf 89' lang='lat' dir='ltr'>con·</span> 
     </span>
    </p>
   </div>
   <div class='ocr_carea' id='block_1_6' title="bbox 220 3833 1250 4027">
    <p class='ocr_par' dir='ltr' id='par_1_6' title="bbox 220 3833 1250 4027">
     <span class='ocr_line' id='line_1_33' title="bbox 220 3833 989 3940; baseline 0.01 -24"><span class='ocrx_word' id='word_1_298' title='bbox 220 3865 258 3932; x_wconf 87' lang='lat' dir='ltr'>(t)</span> <span class='ocrx_word' id='word_1_299' title='bbox 271 3863 313 3918; x_wconf 80' lang='lat' dir='ltr'>Ad</span> <span class='ocrx_word' id='word_1_300' title='bbox 323 3883 404 3936; x_wconf 79' lang='lat' dir='ltr'>quem</span> <span class='ocrx_word' id='word_1_301' title='bbox 412 3865 501 3918; x_wconf 86' lang='lat' dir='ltr'>locum</span> <span class='ocrx_word' id='word_1_302' title='bbox 511 3865 571 3919; x_wconf 82' lang='lat' dir='ltr'>vide</span> <span class='ocrx_word' id='word_1_303' title='bbox 581 3866 746 3938; x_wconf 65' lang='lat' dir='ltr'>Wetselingae</span> <span class='ocrx_word' id='word_1_304' title='bbox 753 3887 813 3940; x_wconf 75' lang='lat' dir='ltr'>pag.</span> <span class='ocrx_word' id='word_1_305' title='bbox 826 3869 885 3922; x_wconf 78' lang='lat'>282.</span> <span class='ocrx_word' id='word_1_306' title='bbox 901 3833 989 3924; x_wconf 78' lang='lat' dir='ltr'>lissi.</span> 
     </span>
     <span class='ocr_line' id='line_1_34' title="bbox 220 3951 1250 4027; baseline 0.01 -24"><span class='ocrx_word' id='word_1_307' title='bbox 220 3955 259 4022; x_wconf 74' lang='lat' dir='ltr'>(a)</span> <span class='ocrx_word' id='word_1_308' title='bbox 275 3951 335 4006; x_wconf 83' lang='lat' dir='ltr'>Non</span> <span class='ocrx_word' id='word_1_309' title='bbox 348 3951 452 4006; x_wconf 75' lang='lat' dir='ltr'>letalius</span> <span class='ocrx_word' id='word_1_310' title='bbox 463 3951 546 4008; x_wconf 82' lang='lat' dir='ltr'>Gallis</span> <span class='ocrx_word' id='word_1_311' title='bbox 558 3973 639 4027; x_wconf 83' lang='lat' dir='ltr'>quam</span> <span class='ocrx_word' id='word_1_312' title='bbox 651 3957 760 4018; x_wconf 55' lang='lat' dir='ltr'>euteria</span> <span class='ocrx_word' id='word_1_313' title='bbox 772 3976 860 4010; x_wconf 86' lang='lat' dir='ltr'>errare</span> <span class='ocrx_word' id='word_1_314' title='bbox 871 3958 942 4011; x_wconf 85' lang='lat' dir='ltr'>euim</span> <span class='ocrx_word' id='word_1_315' title='bbox 954 3957 1100 4012; x_wconf 88' lang='lat' dir='ltr'>humanum</span> <span class='ocrx_word' id='word_1_316' title='bbox 1114 3973 1166 4023; x_wconf 85' lang='lat' dir='ltr'>est;</span> <span class='ocrx_word' id='word_1_317' title='bbox 1184 3980 1215 4012; x_wconf 77' lang='lat' dir='ltr'>ac</span> <span class='ocrx_word' id='word_1_318' title='bbox 1229 3962 1250 4013; x_wconf 82' lang='lat' dir='ltr'>si</span> 
     </span>
    </p>
   </div>
   <div class='ocr_carea' id='block_1_7' title="bbox 186 4039 1249 4200">
    <p class='ocr_par' dir='ltr' id='par_1_7' title="bbox 186 4039 1249 4200">
     <span class='ocr_line' id='line_1_35' title="bbox 186 4039 1249 4119; baseline 0.008 -28"><span class='ocrx_word' id='word_1_319' title='bbox 186 4057 235 4092; x_wconf 80' lang='lat' dir='ltr'>nos</span> <span class='ocrx_word' id='word_1_320' title='bbox 248 4039 359 4093; x_wconf 82' lang='lat' dir='ltr'>aliorum</span> <span class='ocrx_word' id='word_1_321' title='bbox 370 4053 473 4110; x_wconf 80' lang='lat' dir='ltr'>peccata</span> <span class='ocrx_word' id='word_1_322' title='bbox 487 4041 680 4116; x_wconf 82' lang='lat' dir='ltr'>reprehendere</span> <span class='ocrx_word' id='word_1_323' title='bbox 693 4045 867 4112; x_wconf 83' lang='lat' dir='ltr'>voluerimus,</span> <span class='ocrx_word' id='word_1_324' title='bbox 888 4067 941 4100; x_wconf 89' lang='lat' dir='ltr'>uon</span> <span class='ocrx_word' id='word_1_325' title='bbox 953 4067 1026 4119; x_wconf 76' lang='lat' dir='ltr'>seges</span> <span class='ocrx_word' id='word_1_326' title='bbox 1040 4047 1249 4102; x_wconf 79' lang='lat' dir='ltr'>animadversio·</span> 
     </span>
     <span class='ocr_line' id='line_1_36' title="bbox 186 4127 539 4200; baseline 0.017 -19"><span class='ocrx_word' id='word_1_327' title='bbox 186 4145 251 4182; x_wconf 87' lang='lat' dir='ltr'>nutu</span> <span class='ocrx_word' id='word_1_328' title='bbox 264 4129 351 4200; x_wconf 75' lang='lat' dir='ltr'>ampla</span> <span class='ocrx_word' id='word_1_329' title='bbox 361 4127 476 4186; x_wconf 72' lang='lat' dir='ltr'>defictas</span> <span class='ocrx_word' id='word_1_330' title='bbox 489 4133 539 4187; x_wconf 84' lang='lat' dir='ltr'>En.</span> 
     </span>
    </p>
   </div>
   <div class='ocr_carea' id='block_1_8' title="bbox 0 0 1504 4702">
    <p class='ocr_par' dir='ltr' id='par_1_8' title="bbox 0 0 1504 4702">
     <span class='ocr_line' id='line_1_37' title="bbox 0 0 1504 4702; baseline 0 0"><span class='ocrx_word' id='word_1_331' title='bbox 0 0 1504 4702; x_wconf 95' lang='lat' dir='ltr'> </span> 
     </span>
    </p>
   </div>
  </div>
 </body>
</html>
