3006 4676
509 573 562 635 IN
594 573 779 638 LIBRUM
809 573 1038 640 OCTAVUM

392 772 1151 900 Aneonnnrrcon
1264 723 1269 730 ’

514 1023 675 1102 NOVI
712 1023 1014 1102 EDITORIS

661 1235 878 1323 NOTAE.

578 1473 961 1510 ...ψ-..-

269 1652 304 1702 V.
315 1653 339 1702 6.
356 1652 448 1700 Ultima
464 1649 579 1714 virgineis
600 1660 656 1696 tnnc
667 1649 735 1717 stem
749 1647 818 1698 dedit
833 1651 917 1699 oscula
932 1651 1072 1701 vittis.-·
1081 1649 1139 1703 Hoc
1149 1649 1214 1705 dicit
1223 1694 1231 1720 ,
1241 1655 1304 1728 quia

233 1753 296 1787 nox
309 1745 425 1804 nuptura
444 1743 501 1784 erat
519 1727 631 1795 Medea3
645 1729 702 1781 atie
715 1740 804 1782 antem
828 1741 902 1782 eram
920 1740 1079 1804 nuptarum,
1099 1735 1156 1787 alite
1171 1736 1302 1808 virginum

232 1819 310 1872 sitta.
321 1843 335 1864 ι
344 1847 380 1858 -
393 1815 436 1870 Sic
449 1813 600 1876 Weitzius,
620 1815 665 1866 oui
686 1812 807 1868 assentiri
821 1832 919 1868 ornnes
937 1816 1092 1888 interpretes
1110 1818 1171 1872 inde
1188 1821 1302 1894 colligo,

232 1901 305 1975 qnod
314 1904 372 1974 ejus
384 1899 544 1953 sententiam
555 1897 683 1961 efferunt,
694 1897 768 1950 nulia
778 1899 917 1952 notatione
928 1897 1044 1969 subjecta
1054 1920 1062 1964 ;
1074 1901 1156 1954 immo
1166 1903 1303 1974 Adcipbus

233 1992 333 2038 Dureau
344 1988 375 2036 de
388 1985 499 2035 Lamalle
510 1978 630 2034 camdem
643 1979 817 2051 opinionem,
830 2001 885 2034 non
899 1981 1034 2036 nominato
1047 1985 1180 2051 Weitzio‚
1193 1987 1301 2059 profite-

232 2079 286 2121 tur.
298 2066 349 2122 Sed
360 2066 436 2120 aliter
444 2064 537 2129 nobie,
546 2075 573 2116 et
583 2063 704 2135 profecto
715 2064 808 2118 lectori
818 2064 962 2120 videbitur.
974 2067 1068 2120 Nonne
1078 2068 1148 2122 enim
1158 2071 1208 2122 iilte
1219 2089 1302 2124 secer·

231 2151 333 2206 dotales
347 2161 423 2204 eraut
436 2149 520 2214 vittae,
529 2145 685 2220 quibus„ut
698 2145 815 2228 'Hecates
831 2147 969 2212 ministra,
988 2149 1112 2220 insignita
1126 2163 1182 2206 erat
1191 2153 1302 2211 Medea?

233 2235 296 2288 Vid.
308 2235 343 2301 V,
357 2235 408 2303 349
420 2251 427 2285 :

371 2352 433 2407 Telis
445 2359 469 2398 et
477 2351 501 2396 in
512 2350 576 2397 vittis
587 2349 686 2411 geminae
696 2363 748 2396 enm
759 2349 848 2396 lumine
857 2349 921 2396 teda

370 2425 464 2474 Colchis
474 2433 532 2473 erat.

231 2548 295 2600 Hae
315 2557 404 2599 eutem
421 2543 536 2615 insignia
559 2541 698 2607 Medeam,
722 2540 778 2594 dea
804 2539 952 2594 sacerdotio
978 2543 1187 2610 renuntiantem,
1208 2561 1302 2599 exuere

232 2650 339 2686 neeesse
353 2643 416 2684 eret.

267 2775 301 2828 V.
315 2793 331 2842 7
333 2807 606 2828 ................
619 2773 756 2838 crinemque
766 2785 891 2836 genasque

338 2863 401 2910 Ante
412 2875 457 2925 per
468 2859 566 2924 antiqui
576 2857 670 2922 carpsit
679 2855 783 2922 vestigia
794 2857 878 2906 ramni.

238 3021 250 3042 ι
260 2993 327 3048 Male
341 2992 435 3045 habuit
447 3009 501 3044 non
514 3009 598 3044 untnn
608 2990 778 3062 interpretem
792 2993 820 3042 τὸ
835 3003 902 3048 aare,
920 3005 977 3039 eam
995 2989 1032 3040 ob
1047 3005 1166 3053 musana,
1183 2991 1255 3062 quod
1267 2994 1303 3045 ob

235 3073 321 3128 statim
334 3089 447 3145 sequens
459 3073 563 3138 antiqui,
577 3069 678 3139 ingrata
692 3069 799 3120 exsistat
805 3069 937 3138 ὁμοφωνῖα.
945 3065 1010 3138 Ejus
1022 3067 1099 3139 igitur
1108 3068 1167 3122 loco
1173 3070 1301 3126 Burman·
1332 3115 1334 3120 ,

232 3176 283 3211 nne
300 3175 394 3226 ungite,
413 3153 558 3206 Slothouw.
580 3167 638 3202 acta
653 3168 783 3221 reponere
804 3149 968 3213 mainerium
993 3162 1032 3204 ast
1046 3170 1095 3223 ego
1110 3153 1208 3206 retinui
1225 3171 1299 3218 arete,

234 3238 306 3312 quod
318 3238 448 3309 respicere
456 3235 562 3291 videtur
578 3232 734 3290 antecedens
740 3235 825 3302 fiegit,
842 3243 984 3304 antequam
998 3235 1117 3309 ingeret,
1131 3246 1203 3291 toros
1216 3239 1302 3294 adhuc

235 3324 316 3386 saniei
329 3321 468 3394 amplexa,
487 3318 551 3382 scd,
565 3317 632 3372 dum
645 3315 734 3370 dirum
749 3314 817 3368 iliud
835 3316 1031 3384 somninm‚V,
1046 3319 1096 3383 334
1110 3338 1151 3391 eq.
1163 3320 1190 3374 in
1204 3340 1302 3376 memo·

232 3408 300 3461 riam
309 3416 415 3459 revocat
423 3443 430 3469 ,
438 3405 545 3469 horret,
556 3416 582 3454 et
592 3419 701 3454 summa
713 3400 824 3454 tristitia
834 3419 913 3456 sensu
924 3401 1024 3454 crinem
1038 3421 1171 3475 genasque
1182 3424 1235 3458 non
1247 3418 1301 3458 tant

234 3490 346 3553 lacerat,
356 3483 428 3561 quod
438 3485 590 3538 Burmanno
600 3483 703 3550 visum,
714 3483 761 3536 sed
773 3487 864 3552 carpit,
875 3483 968 3538 leniter
980 3484 1090 3538 invadit.
1103 3511 1115 3534 ι
1126 3485 1170 3541 Sic
1182 3491 1303 3560 Wagne-

233 3590 288 3625 ms.
297 3601 332 3612 -
341 3576 390 3621 Per
403 3568 447 3622 hio
463 3567 559 3621 eodem
571 3564 715 3620 adhibetur
726 3585 804 3620 sensu
816 3586 870 3639 quo
886 3569 1056 3641 sequentibus
1073 3570 1189 3643 ejusdem
1203 3573 1304 3628 Valerii

233 3655 298 3709 iocis
310 3673 316 3706 :
328 3654 352 3720 1,
366 3655 429 3724 767,
442 3655 514 3720 Taliq
521 3670 570 3720 per
580 3655 713 3716 lacrymae
724 3649 789 3704 ibid.
800 3651 848 3721 173
861 3689 869 3716 ,
889 3649 933 3704 tria
942 3657 1113 3722 pensnspiria.
1125 3656 1157 3712 in
1168 3655 1209 3710 bic
1217 3675 1303 3712 exem·

233 3738 284 3811 plis
293 3756 337 3806 per
347 3734 418 3788 idem
428 3734 496 3788 valet
504 3733 577 3804 quod
588 3738 659 3785 inter.

268 3881 303 3933 V.
316 3897 357 3935 to.
371 3881 463 3932 Omilii
470 3881 492 3930 ei
500 3881 614 3950 pqqfiigoe
621 3883 719 3949 genitor
726 3899 791 3934 nanc
800 3883 840 3932 ille
849 3899 971 3948 supremas

374 3964 524 4032 Amplexus,
538 3967 611 4015 AEeta
618 4001 626 4024 ‚
641 3967 859 4038 dares,stetnsqne
869 3965 965 4014 videres

374 4053 438 4099 Eece
450 4067 514 4098 mear
523 4055 532 4098 !
542 4067 572 4098 ne
583 4051 668 4110 crede,
680 4062 768 4116 poten
782 4067 829 4098 non
844 4049 926 4098 carior
940 4051 979 4099 ilie
992 4063 1035 4098 est.
