3002 4680
378 363 379 370 ’
407 357 533 424 NOVl
563 359 812 424 EDlTORlS
844 361 1001 428 NOTAE
1197 369 1234 433 81

210 501 244 554 v.
255 497 315 554 32⁵.
330 499 591 566 Ammonem.
603 497 880 572 Gontevngiffin.
891 501 950 566 111,
962 502 1029 572 273:

329 613 359 660 Et
370 622 457 660 terram
473 613 575 660 aarum
587 613 640 660 sari
652 629 800 662 exsecramur
809 615 888 674 Ulyxi.

212 739 247 792 V.
259 739 320 806 339.
331 743 489 809 Proedun‘que
497 743 578 809 juvat.
589 771 625 782 -
633 740 710 813 Virg.
725 743 787 796 AEn.
799 739 849 808 IX,
859 743 911 796 613
922 761 930 794 ε

316 859 467 920 comportare
476 859 545 920 jurat
555 858 658 920 prodes,
675 867 699 904 et
710 855 788 906 virere
802 869 877 922 rapto.

213 999 248 1050 V.
264 998 324 1063 340.
338 1001 423 1060 Dixit,
443 1013 465 1050 et
482 1001 577 1051 Edonis
596 961 710 1050 resisum
728 999 818 1052 missile
837 1002 918 1051 ventis

333 1084 452 1135 Concitet.

178 1195 273 1255 Edoni,
286 1210 382 1246 nomen
396 1190 534 1265 cujusdam
545 1190 630 1263 gentis
638 1189 774 1254 Thraciae,
784 1208 839 1262 quo
849 1210 918 1264 saepe
930 1191 1001 1264 apud
1013 1205 1104 1266 poetes
1116 1197 1243 1254 universa

178 1275 299 1331 Thracias
309 1274 482 1347 designantur
493 1275 597 1330 incole.
610 1274 652 1330 stc
663 1273 757 1346 Virgii.
773 1277 834 1328 AEn.
845 1275 916 1340 XII,
933 1275 982 1331 365
995 1297 1002 1330 :

335 1397 369 1442 Ac
380 1395 444 1442 velut
454 1393 531 1442 Edoni
540 1396 619 1442 Boreo
632 1409 705 1456 quum
720 1393 816 1456 spiritus
826 1391 874 1440 alto

335 1471 431 1518 lusouat
440 1470 535 1532 iligen.

180 1576 223 1630 Sic
234 1595 328 1649 snpra,
342 1597 367 1629 r.
382 1575 446 1643 324,
460 1581 562 1646 Argiue,
574 1595 622 1649 pro
638 1581 733 1634 (ἔπεσε.

217 1728 253 1781 V.
263 1727 324 1780 351.
335 1732 367 1779 Et
379 1730 454 1779 Graio
463 1745 563 1796 pernam
572 1730 604 1777 de
617 1743 717 1794 corpore
723 1740 836 1792 poscens.
845 1724 988 1789 -Quarrit
998 1727 1166 1784 Bnrmainnns
1177 1751 1246 1804 quae·

181 1827 244 1864 narn
261 1811 310 1864 istu
322 1810 355 1863 sit
368 1829 461 1882 pune,
474 1807 599 1880 quamde
618 1809 747 1863 cadavere
759 1807 870 1880 quisque
887 1810 1023 1881 poscebat.
1044 1811 1103 1867 Mos
1116 1827 1173 1869 erut
1185 1819 1248 1874 Bar.

181 1895 252 1948 baris
274 1893 342 1948 hosti
362 1906 443 1966 caput
462 1903 618 1966 amputare,
634 1903 659 1944 et
681 1892 710 1944 in
730 1889 838 1944 modurn
860 1893 988 1965 triumphi
1004 1896 1138 1966 preferre.
1159 1900 1248 1958 Potest

182 1978 305 2032 Valerius
318 1977 390 2030 hunc
403 1995 505 2031 morem
523 1976 575 2030 boc
588 1977 647 2030 ioco
658 1973 810 2047 respexisse.

219 2101 253 2154 V.
267 2099 327 2154 352.
340 2102 471 2166 Mediaque
479 2103 504 2152 in
514 2118 614 2168 corpore
623 2117 711 2168 pugna
720 2102 1001 2153 censesne-Dorum
1014 2103 1066 2156 hoc
1076 2104 1179 2160 videtur
1187 2109 1250 2162 Bur·
1320 2101 1323 2112 ⁴

183 2203 296 2246 manno,
312 2183 348 2236 ite
362 2183 487 2236 nimirum
504 2181 675 2254 intelligenti,
688 2181 766 2254 qussi
780 2182 920 2237 institerint
932 2185 1038 2258 corpori
1049 2186 1134 2242 Greci
1147 2203 1173 2244 et
1183 2191 1247 2265 Scy·

184 2268 235 2320 thee
247 2285 255 2330 3
269 2263 343 2338 quod
354 2265 412 2318 fieri
428 2265 545 2338 potuisse
557 2283 612 2318 non
629 2276 708 2336 negat
716 2305 724 2334 ‚
739 2265 760 2318 si
773 2265 897 2338 gigantea
912 2267 983 2321 mole
996 2268 1111 2342 fingatur
1120 2273 1253 2330 Canthus.

185 2348 396 2420 Praepositionem
409 2349 451 2410 in,
468 2365 527 2420 quse
540 2347 644 2402 videtur
657 2347 702 2401 bic
718 2367 774 2404 esse
792 2354 898 2422 prode,
912 2347 990 2405 nimis
1001 2352 1036 2406 nd
1051 2357 1160 2411 verbum
1178 2377 1251 2414 acce·

185 2431 223 2504 pit
236 2437 415 2486 Burmannus.

221 2569 255 2622 V.
267 2567 317 2623 353
321 2604 483 2621 ..........
490 2573 583 2638 Magno
598 2571 676 2620 nebai
686 2587 758 2636 quum
773 2571 866 2619 turbine
875 2587 929 2621 sere

328 2656 408 2720 ipsius
420 2655 509 2704 AEetioe
514 2653 645 2721 frangunt
658 2653 684 2702 ira
704 2645 787 2706 It'rriirre
795 2655 874 2714 uena,

328 2740 404 2802 Quem
409 2739 496 2806 pelagi
508 2738 604 2796 rabies,
617 2753 688 2803 quem
698 2735 794 2795 nubile,
807 2754 927 2804 quemque
934 2753 1053 2804 sequatur

327 2821 374 2871 iiie
383 2822 443 2870 dies.

189 2970 200 2991 ι
212 2942 279 2996 Vitii
295 2959 350 2996 non
369 2941 466 3002 unius,
479 2939 648 2994 obscuritatis
664 2939 755 2994 saltem
774 2940 860 3010 arguit
876 2939 949 2993 hunc
963 2940 1053 3000 lucum
1068 2944 1252 3018 Burmannus,

188 3027 233 3080 cni
246 3043 294 3078 nec
307 3026 390 3076 AEolia
398 3061 406 3086 ,
417 3041 467 3077 nec
484 3025 509 3075 in
532 3025 628 3083 iimine,
644 3040 694 3074 nec
707 3025 748 3074 ilie
760 3025 812 3073 dies
827 3022 942 3093 placent.
960 3023 1018 3095 Ego
1032 3044 1095 3080 vero
1104 3065 1112 3091 ,
1122 3048 1181 3101 qun
1195 3051 1253 3090 mea

189 3124 229 3166 cst
250 3106 441 3182 interpretandi
457 3106 500 3158 vel
516 3105 621 3170 levitas,
642 3105 685 3158 vel
705 3103 833 3165 facilitas,
854 3105 960 3172 omnia,
972 3125 1007 3160 ne
1026 3107 1128 3163 literuls
1145 3114 1254 3185 quidem

190 3204 305 3254 enotata,
323 3191 469 3262 intelligere
485 3189 551 3242 mibi
561 3189 663 3244 videor.
681 3187 783 3254 Quidni
802 3189 875 3241 enirn
893 3189 1024 3257 AEoliam,
1041 3211 1120 3265 quum
1135 3197 1255 3254 absolute

189 3279 227 3332 sic
238 3278 352 3349 positam
364 3295 413 3348 pro
426 3275 551 3346 regione,
566 3274 639 3328 unde
652 3275 724 3326 venti
745 3273 898 3327 emittantur
915 3275 949 3326 ab
959 3275 1051 3342 AEolo,
1066 3279 1138 3350 apud
1149 3287 1255 3340 Veteres

190 3379 246 3415 sese
263 3371 343 3431 negat
359 3358 490 3412 invenisse
508 3363 690 3420 Burmannus,
707 3356 805 3410 oblitus
823 3369 910 3411 tumen
920 3357 1041 3430 virgilii,
1058 3380 1137 3433 quem
1147 3366 1256 3423 Valerio

189 3446 358 3499 obversatum
370 3442 480 3494 omnino
488 3440 552 3494 mihi
563 3439 726 3512 persuadeo,
738 3441 800 3492 AEn.
811 3439 840 3503 1,
851 3439 901 3503 bs,
914 3450 940 3492 ot
949 3439 1031 3513 ipsius
1040 3445 1142 3514 Nostri,
1154 3448 1179 3515 1,
1194 3450 1255 3521 576,

190 3527 303 3602 qrridni,
321 3527 448 3598 inquam,
467 3522 601 3586 AEoliarn,
620 3535 702 3576 totam
722 3540 819 3594 nempe
834 3523 946 3576 insulem
965 3542 1014 3594 pro
1033 3538 1110 3582 antro
1128 3532 1139 3599 (
1148 3536 1256 3586 5301er

187 3627 284 3682 portum
304 3611 360 3685 ipse
373 3609 468 3663 Noster
482 3607 564 3660 babet
582 3606 614 3670 l,
630 3605 700 3676 654)
719 3606 940 3678 carceribusque,
955 3607 1051 3678 quihus
1069 3610 1106 3663 ibi
1122 3616 1258 3672 conclusos

190 3697 298 3751 tenebat
310 3705 402 3750 ventos
412 3691 519 3753 AEoius,
530 3708 631 3764 ponere
639 3701 744 3760 poetam
757 3689 869 3743 voluisse
878 3689 1018 3744 credamus
1027 3690 1039 3742 i
1048 3697 1141 3747 Euboea
1149 3696 1264 3768 deinde,

191 3799 272 3854 qnam
284 3778 375 3833 AEolise
393 3779 452 3831 ioco
472 3774 628 3830 substituere
642 3772 744 3826 mavult
759 3772 873 3826 Batavus
886 3772 1016 3841 Criticus,
1034 3773 1102 3830 nihil
1119 3781 1261 3850 profecerit

191 3865 227 3920 od
248 3864 336 3918 lucem
356 3864 415 3916 loco
433 3857 623 3916 retundendam
635 3877 643 3924 ;
655 3857 738 3909 immo
752 3873 816 3911 rem
835 3856 980 3910 obscuritas
992 3871 1104 3930 nugetur
1117 3879 1166 3927 eo,
1187 3867 1260 3938 quod

192 3961 249 4001 turn
262 3965 316 4000 non
332 3945 384 4000 nisi
401 3955 521 4000 contorte
538 3957 671 4012 exponere
683 3939 768 4012 possis
778 3937 863 4012 ‚quid
879 3939 930 3992 sibi
942 3941 1005 3995 velit
1017 3942 1045 3995 in
1058 3947 1142 3998 limine
1152 3952 1261 4005 Euboeoe.

193 4029 314 4102 Denique
328 4031 369 4082 ille
387 4030 440 4081 dies
455 4025 561 4080 nullum
580 4041 685 4078 sensum
698 4021 786 4077 iecere
803 4022 889 4076 eidem
902 4022 1017 4093 videtur,
1035 4029 1162 4100 mulittwe
1175 4032 1262 4104 legere
1308 4037 1310 4042 ’

193 4117 259 4167 milis
276 4117 361 4175 vica,-
374 4111 447 4186 quod
467 4127 547 4182 quarn
561 4127 656 4182 perum
675 4106 854 4164 necessarium
871 4105 921 4171 sit,
936 4108 1026 4162 statim
1042 4113 1189 4182 apparebit.
1204 4115 1261 4188 Ego

283 4203 327 4267 ΙΙ.
1113 4200 1135 4264 6
