2994 4702
493 371 901 437 sneonsnrsnnn.
1169 379 1227 465 sn

169 519 298 562 versum
315 519 368 583 77,
389 495 545 582 Neptuno
560 515 601 558 ex
616 493 748 582 Europa
773 493 1001 572 diniensium,
1019 499 1053 560 in
1072 499 1151 586 ripis
1172 505 1235 566 Ce-

170 601 254 690 phisi
270 600 376 681 fluvii;
392 599 434 664 ad
451 620 533 664 vers.
550 597 588 664 15
608 615 641 662 et
658 599 700 684 39
717 599 803 663 idem
821 599 1012 664 Sohohsstus
1028 601 1108 668 dicit
1121 623 1233 672 natum

171 733 211 774 ex
224 709 412 789 Meciombe,
432 707 560 772 Eurota
579 705 658 788 filis,
678 705 807 772 duxisse
823 729 901 772 vero
917 731 1051 774 uxorem
1063 713 1234 780 Alcmenes

172 815 268 880 liliam
287 817 493 895 Laonomen,
512 828 545 902 et
563 835 602 876 ex
620 813 675 877 illo
699 814 870 902 septimum
892 813 1054 880 decimum
1071 839 1140 884 esse
1155 820 1236 886 Bat-

171 935 255 1002 tum,
274 921 341 985 sive
358 917 554 984 Aristotelem
565 965 575 998 ‚
603 919 660 1006 qui
688 916 834 984 condidit
855 921 1014 1006 Cyrenen.
1035 923 1086 988 Ad
1107 947 1237 992 versum

174 1043 283 1090 tamen
300 1021 375 1106 455,
390 1022 483 1104 dicit,
498 1023 696 1112 Euphemum
713 1023 745 1088 in
763 1024 885 1088 Lemno
904 1026 1018 1092 coiisse
1034 1050 1109 1092 cum
1128 1030 1238 1096 Mala-

174 1129 248 1212 ehe,
265 1146 298 1194 et
310 1128 386 1195 inde
400 1144 512 1192 natum
528 1127 782 1216 Leucophanem‚
805 1127 893 1194 unde
909 1133 1089 1196 Aristoteles
1103 1133 1240 1202 descen·

175 1233 241 1318 dit,
257 1233 446 1323 progenitor
459 1233 611 1298 Arcesilai
625 1233 787 1322 Cyrenaei,
803 1234 835 1298 in
854 1233 945 1314 eujus
959 1235 1068 1302 laudes
1080 1239 1240 1326 hymnum

176 1341 265 1406 illum
287 1340 405 1404 cecinit
428 1337 603 1420 Pindarum
633 1355 666 1402 et
691 1339 735 1402 ibi
761 1339 868 1428 plures
892 1341 1072 1428 Euphemos
1095 1363 1242 1412 reeenset

175 1445 377 1512 scholiastes.
396 1445 504 1508 Taetz.
523 1443 564 1508 nd
582 1444 743 1533 Lycophr.
760 1445 849 1508 Alex.
865 1467 911 1510 vs.
932 1445 1007 1532 887,
1027 1449 1121 1512 etiam
1139 1450 1240 1516 filium

90 1561 94 1572 '
167 1531 377 1630 'Meeionioen
395 1551 462 1626 sive
477 1547 613 1614 Doridos
634 1548 689 1636 (ita
706 1548 793 1612 enim
809 1549 869 1612 viri
886 1548 973 1614 docti
991 1553 1166 1620 emendant
1183 1577 1243 1644 pro

180 1655 306 1744 Oridos)
323 1653 395 1720 filiae
411 1655 559 1736 Eurotas,
575 1653 669 1733 facit,
685 1669 718 1718 et
734 1652 844 1718 eadem
862 1652 948 1736 iere,
963 1677 1035 1742 que
1050 1657 1243 1726 scholiastes

178 1760 308 1826 Pindari
325 1774 452 1841 narrat3
469 1756 544 1823 vide
560 1773 593 1820 et
609 1758 658 1822 Jo.
679 1759 786 1823 Tzetz.
803 1757 938 1824 Chilisd.
957 1761 1004 1841 11,
1021 1761 1063 1840 43
1073 1809 1083 1844 ,
1111 1763 1168 1828 ubi
1187 1766 1245 1830 tri-

178 1867 294 1956 plicem
318 1879 453 1928 matrem
476 1863 630 1952 Europen
652 1878 685 1926 et
706 1862 893 1928 Mecenicen
918 1861 1015 1930 filiam
1038 1867 1188 1951 Orionis,
1212 1888 1245 1935 et

179 1969 278 2036 Orida
293 1970 450 2062 agnoseit.
468 1968 525 2032 llla
543 1967 614 2032 Oris
630 1989 704 2032 vero
719 1968 884 2056 incognita
900 1970 1163 2060 Mythogmphis‚
1177 1976 1245 2040 Ne.

180 2077 274 2166 ptuni
290 2075 341 2141 vel
356 2097 440 2138 uxor
454 2073 504 2136 vel
517 2073 636 2154 amics,
653 2088 762 2160 posset
775 2073 860 2136 forte
876 2097 945 2138 esse
963 2073 1029 2142 filia
1041 2079 1114 2160 Ori,
1127 2103 1200 2166 quse
1213 2097 1247 2144 et

181 2183 249 2246 Lete
269 2180 408 2263 dicimr,
427 2202 466 2244 ex
482 2201 545 2266 qua
565 2177 737 2266 Neptunus
757 2179 851 2242 etiam
870 2179 1051 2269 Althepiam
1068 2187 1246 2272 suscepisse

181 2288 301 2352 dieitur
317 2285 499 2365 Pausanias,
514 2283 569 2348 lib.
584 2283 627 2364 ll,
641 2283 737 2364 303in
749 2283 910 2370 Apollonii
927 2285 1141 2370 editionibus,
1154 2291 1208 2356 lib.
1220 2294 1246 2371 l,

181 2417 228 2460 vs.
252 2416 331 2482 179,
350 2393 468 2482 legitur
486 2391 599 2480 vulgo,

301 2568 419 2638 Ταίναρον
436 2559 491 2620 αὖτ’
504 2565 544 2618 tel
559 2567 711 2620 mistheus
729 2569 871 2637 Πολύφημος
884 2569 963 2621 ἵκανε·

185 2743 242 2806 ubi
264 2755 368 2820 certe,
386 2756 423 2804 ut
443 2739 508 2819 jam
530 2738 711 2802 observavit
732 2738 860 2802 Simeon
884 2741 918 2802 in
941 2741 1123 2826 Chronico,
1137 2757 1248 2827 Εὔφημος

186 2843 359 2934 legendum
376 2866 445 2910 esse
462 2859 607 2925 constat,
627 2843 704 2930 quia
727 2841 768 2906 de
792 2845 854 2908 hoo
876 2846 1063 2932 Argonauta
1088 2849 1133 2913 ibi
1155 2873 1248 2940 agere

186 2965 311 3016 eertum
326 2965 393 3013 est:
413 2971 489 3012 nam
503 2963 536 3012 et
547 2947 735 3036 Polyphemi
739 2995 749 3026 ‚
775 2947 856 3012 Elati
879 2947 949 3030 lilii,
970 2951 1034 3029 jam
1058 2956 1249 3020 meminerat

186 3077 282 3120 versu
296 3059 348 3134 40.
366 3055 474 3138 Quam
492 3051 698 3142 indiligenter
715 3075 793 3117 vero
814 3054 1000 3119 lloelzlinus
1024 3057 1057 3119 in
1080 3063 1248 3148 Argonau-

187 3163 259 3226 ticis
283 3173 427 3226 versatus
449 3159 563 3242 hterit,
587 3176 672 3223 notae
693 3159 761 3239 ejus
785 3157 826 3223 ad
851 3159 939 3224 hune
961 3161 1070 3226 locum
1089 3165 1250 3252 probante

189 3289 292 3356 quum
309 3268 396 3332 enim
411 3267 605 3354 ΕεφΙιεηιιιηι
622 3266 663 3330 ab
679 3265 747 3330 eliis
764 3265 827 3330 dici
844 3265 1046 3350 adnotasset,
1066 3269 1174 3347 addit,
1195 3276 1252 3338 Or·

189 3375 272 3462 phea
288 3395 364 3438 enm
384 3373 575 3436 nonomine
593 3371 724 3459 quidem
742 3373 887 3452 novisse,
906 3393 1007 3459 quum
1024 3375 1168 3440 disertim
1183 3379 1251 3457 ejus

192 3479 391 3546 mentionem
409 3477 503 3542 faeiat
520 3499 567 3542 vs.
587 3499 668 3542 102:

467 3649 607 3718 Tstsoptsbc
623 3643 650 3700 δ’
662 3648 773 3719 lblpnpog
791 3645 851 3710 tes,
868 3652 920 3698 elc.

189 3793 1338 3910 fflmfflfflwmmmmwm'

194 3921 312 3988 Groeois
327 3920 451 4010 Orphei
466 3919 589 4001 verbis,
607 3919 757 3985 Latinum
777 3919 985 4008 interpretem
1001 3925 1182 4006 consuluit,
1199 3929 1255 4014 qui

195 4049 297 4115 quum
314 4039 437 4109 ιῦμιμος,
461 4026 549 4091 litera
566 4025 669 4114 prims
690 4024 807 4088 minori
827 4026 1000 4113 scriptum,
1024 4027 1255 4118 deprehendis·

194 4149 261 4214 set,
274 4132 384 4212 venit,

1077 4228 1130 4300 nd.
