2994 4702
539 369 924 472 aneonaurrcrr,
1202 371 1270 436 305¹

236 503 368 570 Collatia
387 504 522 594 patriam
543 519 693 569 tutantur
708 500 836 567 fortiter
854 502 951 567 armis
962 535 984 566 υ.

278 619 331 683 Sic
348 619 394 683 ait
411 642 419 683 ι
441 634 473 684 at
489 619 600 684 cuncti
617 634 752 682 tenuere
771 618 897 714 silentia
916 619 1032 682 tristes.

233 733 319 800 ‘rum
336 757 415 800 vero
430 733 595 800 AEsonidae
614 732 746 798 fidentia
761 749 892 822 pectora
909 733 996 798 Jun'o

235 849 370 932 Attulit,
384 849 499 916 heroas
517 872 661 938 namque
676 851 792 940 ingens
811 871 931 915 moeror
947 849 1095 914 habebat.
1163 908 1167 916 .

280 967 370 1030 «Nos
387 987 496 1054 neque
511 967 653 1032 latrones
671 982 709 1030 ut
725 967 891 1049 venimus,
911 965 1016 1030 ullave
1033 982 1143 1031 nostra
1244 995 1269 1021 ιο

235 1078 322 1145 Saeva
337 1081 499 1147 lacessitos
515 1079 633 1161 injuria
651 1078 793 1146 reddidit
813 1081 939 1163 hostes,

236 1191 390 1260 Mortales
408 1193 485 1260 odio
503 1217 575 1284 que
592 1193 659 1275 jam
681 1195 785 1259 secere
801 1194 927 1284 priores

235 1308 332 1375 Haud
347 1311 462 1399 pauci,
479 1325 573 1400 rapto
593 1313 722 1378 lucrum
738 1310 800 1375 sibi
817 1326 911 1399 turpe
929 1327 1088 1399 parantes.

234 1423 298 1489 Sed
316 1447 424 1513 neque
442 1423 590 1514 Neptuni
605 1425 755 1492 bravium
772 1425 935 1490 carissima
949 1425 1056 1514 proles

141 1561 144 1568 ·
235 1540 415 1606 Constituit
432 1541 559 1630 primus
576 1542 679 1608 Pelias
696 1559 736 1607 ut
750 1542 866 1606 vellera
886 1542 972 1606 nacti

233 1655 341 1720 Aurea
357 1655 465 1720 felices
483 1655 620 1744 patriam
637 1673 822 1745 repetamus
840 1655 965 1720 Iolcon.

234 1774 276 1836 At
293 1771 453 1835 nonnulla
474 1785 589 1835 tenent
605 1771 685 1836 socii
702 1771 783 1834 milii
803 1770 935 1835 nomina
949 1770 1073 1850 juncti:

235 1885 318 1951 Nam
336 1876 450 1950 sumus
466 1885 606 1950 heroum
623 1903 679 1951 aut
696 1887 763 1950 nati
780 1885 821 1950 de
837 1887 995 1974 sanguine
1013 1885 1135 1952 dirum.
1220 1917 1222 1920 ·

234 1999 298 2065 Sed
315 2023 422 2092 neque
437 2001 597 2066 bellorum
615 2001 718 2092 ignari
735 1999 850 2066 durive
867 2001 1003 2082 laboris,
1063 1983 1067 2008 ¹

235 2114 386 2205 Hospitio
399 2117 493 2206 jungi
510 2117 673 2208 petimus:
694 2139 769 2182 narn
788 2115 930 2204 denique
946 2133 1109 2205 praestat».

278 2232 331 2297 Sic
347 2233 413 2314 ait,
430 2249 480 2298 ast
496 2235 643 2299 animum
663 2233 829 2299 concussit
844 2231 971 2298 llamnra
988 2235 1136 2322 proeellae

235 2345 340 2411 AEetae
356 2347 488 2431 similis,
506 2349 686 2437 oculosque
703 2349 834 2413 intorsit
851 2347 1002 2429 acerbos,

237 2459 448 2552 Exitiumque
464 2462 542 2528 dolo
559 2463 687 2552 Minyis
698 2461 875 2528 meditatur
891 2463 1018 2550 iniquo.

234 2574 286 2640 Ad
301 2597 385 2665 quos
401 2592 450 2642 est
466 2575 598 2654 tandem
615 2577 671 2642 tali
686 2600 837 2642 sermone
856 2578 1031 2665 loquutus:

278 2721 291 2748 ι
302 2691 336 2756 Si
352 2707 442 2757 tanta
456 2691 490 2757 in
506 2693 600 2758 vobis
615 2692 715 2758 animi
731 2694 779 2756 ris
795 2693 910 2756 martia
925 2695 1044 2782 surgit,

236 2807 281 2871 Ut
296 2823 411 2871 eontra
427 2807 585 2872 instantes
602 2829 764 2896 pugnaces
780 2806 919 2871 fundere
935 2808 1077 2874 Colchos

234 2921 397 3010 Speretis,
413 2921 573 3009 vobisque
590 2921 706 3010 ingens
723 2920 785 2984 erit
803 2919 881 2984 inde
896 2937 1073 3011 tropaeum,

174 3095 176 3098 .
234 3036 361 3102 Vellera
372 3036 521 3101 tollentes
534 3036 651 3124 patrias
667 3035 833 3126 deposcite
849 3051 967 3114 terras3

234 3151 291 3216 Sin
304 3167 413 3216 autern
428 3151 523 3239 pauci
541 3165 650 3215 nostra
669 3167 843 3240 superante
861 3151 1021 3242 phalange

234 3265 379 3349 Cedetis,
397 3289 507 3356 poenas
525 3267 627 3332 solvet
642 3266 807 3331 confracta
823 3267 940 3331 carina.
1227 3295 1265 3336 ur..

233 3385 278 3448 At
293 3383 373 3448 mihi
392 3383 419 3448 si
435 3405 500 3472 qua
516 3380 614 3465 fides,
633 3399 666 3447 et
682 3383 744 3446 erit
760 3384 860 3473 magis
876 3383 957 3448 utile
973 3384 1081 3467 vobis,

233 3497 381 3587 Deligere
397 3519 416 3560 e
434 3497 560 3561 cunctis
577 3497 636 3585 qui
652 3497 693 3561 sit
711 3497 911 3587 praestantior
929 3521 1034 3562 unum

233 3613 327 3680 Mens
346 3615 422 3696 erit,
436 3629 475 3678 ut
492 3613 625 3678 subiens
641 3635 702 3704 ego
716 3636 788 3700 quae
804 3614 980 3679 certamina
994 3613 1121 3699 dicam,

106 3751 107 3754 ’
233 3732 340 3795 Aurea
359 3728 447 3796 dona
463 3730 564 3809 ferat,
582 3744 615 3792 et
631 3749 689 3792 vos
702 3727 811 3792 honor
828 3728 888 3793 iste
905 3729 1080 3795 manebit».

276 3843 330 3908 Sic
345 3841 457 3908 dicens
475 3843 612 3934 urgebat
625 3865 746 3932 equos;
762 3844 894 3934 vestigia
914 3861 1003 3910 retro
1028 3891 1032 3900 ·
1225 3874 1263 3918 ns

102 3999 108 4011 =
232 3959 282 4023 llli
297 3957 386 4038 jussa
399 3959 525 4042 ferunt3
538 3959 664 4048 Minyas
682 3957 778 4032 dolor
790 3976 929 4048 occupat
946 3960 1040 4026 altus.

234 4074 330 4139 Tunc
347 4098 425 4166 ergo
444 4075 572 4143 Alcides
589 4077 673 4142 votis
694 4074 896 4164 deposcitur:
912 4077 956 4141 illi

302 4188 347 4254 ll.
1088 4214 1130 4256 ao
