3006 4676
289 329 295 348 ’
402 373 1065 480 inconsunrcons1u.V111.
1210 393 1271 460 199

243 513 335 592 Quos
351 507 441 573 videt
457 507 668 597 agnoscitque
682 506 840 587 fremens3
860 505 959 568 maria
976 505 1071 568 obvia
1089 521 1203 570 contra

242 627 393 712 Saevaque
409 639 533 713 pugnat
545 622 668 702 hiems,
683 635 838 707 totusque
855 620 889 683 in
906 619 1026 686 vertice
1043 637 1176 708 pontus.

240 739 402 804 Abscessit
418 737 549 804 tandem
559 785 568 819 ,
580 759 726 824 vanaque
744 734 866 800 recedit
880 735 920 798 ab
939 734 1005 817 irs,

240 856 281 920 Et
298 870 387 920 tauta
406 853 448 922 de
464 851 554 934 clade
570 852 663 934 ratia;
679 852 762 918 latus
779 850 857 916 inde
872 850 1040 916 sinistrum
1232 875 1269 928 ³7⁵

241 968 482 1057 Adversamque
500 967 614 1054 procul
634 965 756 1033 Peuces
774 963 918 1028 defertur
934 965 968 1028 in
985 987 1076 1030 oram

244 1087 327 1150 Cum
347 1083 462 1165 sociis,
480 1082 612 1172 gemino
629 1102 703 1145 nam
721 1076 883 1146 scinditur
900 1079 1006 1144 insula
1020 1077 1106 1146 llexu

238 1197 402 1265 Danubii:
416 1198 477 1264 hac
497 1193 624 1262 dudum
641 1195 760 1284 Minyae
776 1195 980 1284 Pagaseaque
994 1195 1112 1284 puppis

238 1315 277 1379 lu
293 1313 431 1378 statione
447 1327 600 1394 manent3
616 1311 704 1376 illinc
722 1309 849 1374 AEetius
866 1310 963 1374 heros

236 1428 373 1494 Obsidet
388 1427 521 1493 adversa
534 1427 673 1492 tentoria
690 1425 844 1490 Thessala
861 1423 959 1490 classe
1228 1449 1266 1490 πο
1347 1395 1354 1417 .

236 1544 429 1632 Impatiens,
451 1563 634 1632 pugnoque
651 1539 747 1606 datur
764 1562 831 1603 non
852 1537 918 1602 ulla
933 1553 1086 1627 potestas.

237 1660 356 1726 Noctes
373 1673 472 1746 atque
488 1656 559 1723 dies
575 1655 672 1720 vastis
689 1651 950 1724 mare'lluctibus
967 1653 1052 1720 inter

238 1773 395 1856 Periurit,
417 1771 591 1864 expediant
609 1769 714 1838 donec
731 1769 873 1835 Iunonia
890 1789 960 1834 sese

238 1890 396 1972 Consilia,
414 1903 512 1975 atque
528 1887 668 1974 aliquem
687 1883 774 1948 bello
791 1883 873 1950 serat
886 1883 980 1948 anxia
999 1883 1110 1949 finem.
1162 1923 1166 1932 .

278 2007 320 2069 At
334 2004 454 2094 Minyae
470 2001 550 2067 tanti
568 2014 756 2088 reputantes
770 1998 884 2064 ultima
901 1997 976 2062 belli
1228 2017 1266 2058 sss

235 2119 378 2210 Urgent,
395 2135 428 2184 et
444 2115 594 2208 precibus
612 2115 722 2179 cuncti
739 2115 939 2202 fremituque
953 2115 1088 2204 fatigant

224 2336 277 2393 37²·
292 2337 404 2381 smmum.
415 2331 453 2379 Sic
465 2330 523 2377 olim
531 2327 618 2376 Sabell.
632 2331 744 2374 lienem.
762 2323 822 2370 lidd.
834 2339 910 2386 usque
921 2323 951 2369 sd
963 2322 1043 2369 Heius.
1060 2349 1090 2360 -
1106 2325 1159 2385 374,
1177 2331 1265 2374 Ascen-

191 2413 234 2460 dit.
248 2413 339 2459 bonon.
354 2411 408 2458 eod.
426 2409 543 2458 Absceds't.
563 2407 625 2454 Pius.
639 2433 670 2442 -
691 2405 744 2464 377.
764 2405 819 2450 eum
830 2405 903 2450 sociis.
915 2403 953 2449 Sic
965 2403 1055 2450 llouou.
1068 2405 1097 2450 ll.
1116 2405 1189 2464 Quum
1203 2410 1265 2454 socii.

191 2493 248 2540 Alia
259 2492 314 2540 edd,
327 2500 351 2538 et
359 2493 448 2538 Bouom
458 2489 511 2538 cod.
523 2488 553 2535 sd
565 2490 651 2549 Minya
662 2484 797 2532 referentes.
814 2485 856 2530 Eu.

192 2702 231 2754 hil
248 2701 429 2772 proiecturum
444 2697 554 2764 videus,
569 2693 707 2750 obsidione
752 2702 938 2756 contrectasse
952 2708 1116 2758 sustossoria
1130 2705 1266 2777 Argonau-

190 2781 293 2852 ciugere
305 2779 420 2834 Danubii
433 2777 501 2832 ostis
515 2776 612 2830 statuit.
751 2789 837 2834 turum
849 2780 877 2832 iu
891 2781 969 2834 litore
982 2783 1066 2854 posita
1085 2787 1188 2845 obsidet,
1202 2805 1264 2858 por-

226 2861 285 2931 37²·
299 2861 372 2912 Videt
379 2862 550 2928 agnoscique,
560 2868 613 2909 tam
622 2869 706 2927 prope
750 2869 832 2929 tuque
842 2858 912 2912 exire
922 2859 1045 2930 prohibet
1056 2861 1156 2916 hostes.
1180 2897 1204 2906 -
1216 2865 1265 2917 vi-

191 2939 276 3005 videt,
288 2950 317 2992 ut
335 2937 490 3010 &nossem
508 2954 600 2992 omues
616 2945 642 2987 et
661 2949 705 2985 cs·
749 2935 846 2992 deatur
869 2938 905 2991 sis
925 2937 961 2992 ad
984 2940 1081 2994 calcem
1104 2941 1185 3015 hujus
1203 2944 1265 2998 libri

191 3019 244 3091 pita
260 3035 400 3072 numerare
423 3027 530 3088 posset;
554 3029 642 3068 eontra
658 3031 705 3082 pu·
749 3029 810 3070 uota
824 3017 885 3088 375.
904 3018 955 3072 En.

189 3113 273 3168 gnane
284 3101 355 3150 obvia
369 3115 385 3150 a
399 3097 473 3150 litore
486 3095 596 3150 adverso
609 3099 704 3167 manu,
785 3097 845 3150 sta.
865 3097 938 3150 Nihil
958 3097 1056 3154 interea
1073 3101 1180 3154 remittit
1195 3115 1261 3157 tem·

192 3179 287 3234 marini
309 3177 425 3242 fluctus,
452 3195 572 3248 uvaque
601 3176 704 3246 hiems,
747 3189 945 3250 pentameter
955 3183 1262 3248 atqasds'esvassismm

190 3271 303 3326 totusque
315 3261 341 3309 in
355 3259 460 3318 vertice,
476 3274 555 3328 supra
567 3268 647 3330 caput
661 3275 704 3312 nc·
738 3259 859 3328 fluetibus
877 3257 1031 3328 atnewida
1049 3260 1084 3315 ad
1103 3281 1127 3316 v.
1143 3263 1262 3335 ΜΨ-

191 3337 350 3404 cumulatus,
355 3351 455 3406 perime
747 3339 790 3400 rit,
805 3336 891 3392 donec
903 3344 969 3390 luno
986 3339 1043 3411 ipsa
1052 3345 1142 3403 anau,
1159 3349 1263 3398 eonsdia

227 3417 290 3488 374.
304 3420 431 3468 Abscessit
442 3419 555 3480 tunm,
568 3433 702 3484 vanaque,
747 3421 885 3488 expediret,
899 3419 1160 3487 manifestaremur,
1172 3423 1262 3478 flueru-

191 3495 259 3548 uihil
276 3495 433 3568 profutura,
449 3499 541 3548 recedit
553 3499 586 3546 ab
603 3497 659 3555 ἱνα,
682 3512 707 3548 er
749 3515 803 3569 que
811 3497 909 3552 iaceret
917 3496 981 3552 huic
990 3499 1068 3552 bello.

192 3579 388 3628 susumus«
397 3578 466 3630 ratis.
479 3573 705 3630 -Videadcslc
785 3578 913 3652 385-399.
935 3580 1092 3650 Argonauta
1113 3597 1128 3632 a
1150 3581 1262 3648 Jssoue,

191 3653 271 3726 liujus
283 3655 344 3708 libri
355 3666 411 3708 not.
424 3656 484 3726 374.
495 3654 549 3708 En.
752 3667 781 3708 ut
800 3657 923 3712 Medeam
939 3657 1043 3723 tradat,
1055 3661 1199 3732 postulsne
1213 3667 1263 3716 tsi·

227 3735 290 3806 375.
303 3735 388 3788 Nares
399 3735 536 3788 coustituit
548 3733 583 3788 sd
596 3733 707 3788 alterum
752 3756 809 3802 usa
818 3741 891 3798 tunsi,
906 3749 960 3791 tam
974 3738 1128 3810 periculosi,
1145 3753 1265 3813 reputau-

192 3811 285 3868 insule
296 3825 416 3886 pst-temt
427 3817 524 3884 gerelm
543 3833 602 3867 narn
615 3817 708 3866 scindi-
751 3827 791 3869 tes
799 3820 900 3879 ultima,
912 3830 1052 3888 eventum,
1063 3821 1131 3882 belli,
1143 3839 1196 3874 uon
1209 3822 1264 3875 sin·

190 3903 229 3943 tur
242 3912 257 3946 a
272 3905 342 3946 terra
360 3892 511 3948 coutiueute
529 3903 654 3965 separata
667 3895 706 3944 in·
751 3895 825 3967 guli,
846 3895 894 3951 sed
914 3900 1008 3958 cuncti,
1027 3917 1081 3952 non
1103 3897 1262 3966 admouent,

191 3975 247 4022 suls
263 3972 349 4026 Peuce
358 3976 435 4044 μιν
452 3975 569 4026 Danubii.
746 3973 794 4028 sed
811 3990 908 4044 urgent,
931 3991 955 4028 et
974 3981 1088 4045 precibus
1095 3980 1261 4048 steterintque,

228 4049 291 4120 378.
302 4051 360 4106 Hac
373 4051 401 4104 in
416 4051 500 4106 insula
509 4052 647 4108 eudonem
660 4053 708 4107 ha·
748 4055 906 4126 importunis
920 4056 1043 4126 precibus
1063 4075 1094 4109 ae
1115 4076 1264 4111 murmuru-

192 4129 236 4182 bet
246 4133 458 4204 Argonautssum
467 4131 561 4198 usvis3
580 4134 709 4208 Absyrtus
749 4134 821 4188 tione
830 4133 954 4188 iasonem
957 4136 1085 4203 fatigem.
