3022 4678
422 351 837 426 ARGONAUTICON
869 362 960 440 nlo.
984 363 1093 431 VIII.
1221 369 1280 434 183

255 481 303 544 Ex
320 505 387 570 quo
404 481 578 550 Thessalici
594 489 769 556 subierunt
783 516 914 581 aequora
932 496 1028 580 remi,

256 594 357 678 Quod
372 597 469 662 nullae
482 615 530 684 te,
548 618 641 686 nata,
656 604 773 695 dapes,
790 631 858 673 non
873 611 936 675 ulla
948 612 1105 691 juvabant

256 707 444 798 Tempora?
460 736 527 776 non
546 716 632 782 ullus
649 721 709 784 tibi
725 738 797 786 tum
813 725 914 809 color,
936 749 1085 816 aegraque
1099 731 1215 815 verba5

255 806 474 914 Errantesque
489 851 597 918 genae,
613 849 711 923 atque
729 839 836 904 alieno
848 841 965 930 gaudia
980 843 1075 908 vultu
1111 865 1114 870 ·
1173 863 1176 876 ’

255 939 390 1028 Semper
404 944 521 1008 erant?
536 947 604 1010 Cur
620 965 710 1016 tanta
728 953 808 1017 mihi
827 977 895 1018 uon
915 957 1044 1044 prodita
1058 962 1174 1048 pestis,
1244 979 1280 1018 1⁶⁵

257 1055 303 1118 Ut
320 1078 421 1144 gener
436 1055 609 1128 AEsonides
629 1083 740 1132 nostra
756 1069 939 1138 consideret
958 1073 1049 1156 aula,

254 1167 324 1233 Nec
340 1171 436 1236 talem
453 1189 599 1262 paterere
617 1179 754 1269 fugam?
776 1206 952 1250 commune
968 1186 1082 1251 fuisset

255 1283 323 1344 Aut
345 1299 431 1349 certe
449 1307 539 1352 nunc
554 1313 654 1357 omne
668 1295 773 1378 nefas,
796 1299 915 1374 iremus
939 1316 972 1364 et
989 1302 1092 1367 ambas

256 1395 295 1460 In
312 1419 535 1491 quascumque
550 1405 635 1490 vias;
651 1411 770 1497 pariter
785 1413 915 1502 petiisse
934 1415 1061 1495 juvaret

253 1509 468 1598 Thessaliam,
491 1533 524 1582 et
541 1522 636 1604 saevi,
659 1546 875 1614 quecumque
893 1545 960 1611 est,
977 1529 1116 1618 hospitis
1129 1533 1244 1597 urbem
1255 1563 1282 1595 a.

301 1625 353 1689 Sic
368 1629 526 1716 genitrirr,
550 1633 712 1724 similique
728 1638 843 1728 Implet
859 1663 952 1707 soror
974 1647 1083 1710 omnia
1103 1663 1221 1734 questu
1243 1678 1279 1720 ψ

255 1737 446 1826 Exululans3
465 1745 591 1812 famulae
608 1752 729 1838 pariter
744 1756 884 1821 clamore
901 1782 1054 1849 supremo
1095 1775 1097 1779 “

257 1853 295 1915 In
311 1876 429 1922 vacuos
446 1857 526 1924 dant
541 1864 639 1928 verba
656 1868 778 1953 Notos,
796 1871 1029 1964 dominamque
1046 1879 1221 1944 reclamant

252 1967 408 2054 Nomine3
432 1978 566 2041 terenti
582 1982 698 2067 procul
714 1999 747 2047 et
763 1999 820 2050 tua
835 1987 900 2052 fata
916 1989 1074 2058 ferebant.

298 2085 380 2152 Inde
393 2086 481 2153 diem
501 2109 699 2183 noctemque
719 2099 851 2166 volant:
874 2101 1087 2171 redeuntibus
1103 2129 1182 2172 aura
1243 2127 1278 2180 ¹⁷⁵

246 2312 298 2359 161.
314 2316 436 2362 Sabiemm
449 2335 504 2365 nam
519 2322 697 2384 sufferamus.
709 2327 762 2374 cod.
776 2344 805 2375 ex
818 2345 852 2376 rs.
866 2331 1015 2392 praecedeuti.
1034 2334 1129 2383 —168.
1141 2338 1279 2383 Nonomne.
1391 2387 1394 2392 ,

212 2392 302 2440 Bonum
313 2395 366 2442 cod.
377 2398 456 2445 Burm.
467 2403 629 2462 coniecturam
640 2405 743 2454 firmans.
759 2409 803 2456 En.

211 2631 312 2680 aequora
324 2619 399 2679 remi,
410 2619 510 2691 campis
519 2622 616 2676 nostris
629 2642 725 2697 appro-
769 2647 825 2683 sem
836 2631 953 2700 profecto
961 2634 1032 2706 apud
1042 2644 1146 2706 patrem
1156 2675 1164 2702 ,
1174 2652 1285 2707 atgener

211 2691 725 2771 pinquarunt,appulerenavem,nulloe
768 2713 900 2763 AEsonides
918 2728 1004 2766 nostra
1024 2718 1173 2776 consideret,
1191 2734 1282 2770 mane·

212 2783 236 2822 te
245 2776 336 2841 dapes,
348 2774 472 2831 lautiores
483 2779 552 2842 sibl,
563 2781 649 2851 epulas
657 2823 665 2848 ,
673 2802 723 2834 non
768 2798 824 2851 ret,
835 2793 910 2853 aula,
922 2812 968 2842 nec
979 2797 1054 2845 talem
1060 2797 1281 2864 paterer-efflatu,

212 2855 264 2904 ulla
278 2857 403 2922 juvabam
422 2871 545 2927 tempora,
571 2858 628 2913 dies
650 2859 724 2929 festi,
769 2857 804 2910 ad
827 2870 881 2912 tam
904 2861 1033 2916 nefariam
1055 2864 1219 2936 impiamque
1243 2867 1283 2918 fu·

211 2932 333 3002 geniales.
771 2956 830 3009 garn
846 2939 966 2992 animum
976 2940 1228 2997 intendereueoessc
1237 2943 1283 2997 ba-

249 3013 307 3064 163.
318 3018 374 3065 Non
386 3017 450 3067 ulus
460 3031 509 3068 mm
524 3019 566 3068 tibi
579 3022 654 3080 color,
670 3031 725 3073 tota
769 3017 880 3070 buisses.

211 3089 339 3160 pallebat,
351 3113 420 3163 oegra
429 3100 521 3160 verba,
530 3097 574 3150 vix
584 3098 725 3152 verbulum
808 3095 933 3166 167.vid.
941 3096 975 3150 ad
982 3097 1046 3152 calc.
1054 3098 1083 3151 b.
1091 3099 1136 3152 lib.
1143 3101 1282 3171 n.167.Fn.

211 3169 272 3222 elici
280 3184 401 3242 poterat,
412 3191 521 3228 erranoes
528 3195 618 3245 genn,
628 3178 725 3250 quibus
808 3193 865 3245 172.
877 3181 987 3230 famula
996 3183 1104 3230 clamore
1114 3199 1238 3248 supremo,
1248 3181 1285 3234 ul·

211 3249 284 3302 color
296 3269 350 3304 non
368 3256 521 3318 constabat,
536 3274 596 3309 mox
608 3256 725 3327 pallidae,
769 3255 864 3308 timum
882 3255 938 3310 vals
956 3258 1167 3323 conclamantes,
1187 3263 1212 3312 in
1234 3281 1282 3313 va-

211 3346 273 3381 mox
291 3331 389 3384 rubore
409 3333 519 3387 suffusas
529 3339 538 3404 (
547 3335 631 3406 possis
645 3336 724 3389 etiam
769 3355 828 3387 coos
838 3341 989 3390 dantosrba
1001 3344 1076 3390 Notos
1083 3360 1095 3402 ,·
1104 3351 1168 3395 nota
1177 3359 1285 3412 prover·

208 3427 291 3476 genas
303 3411 421 3482 accipere
432 3410 466 3466 de
478 3416 569 3476 oculis,
580 3433 635 3487 quo
645 3434 724 3468 sensu
768 3413 846 3468 bialis
855 3415 955 3471 locutio
967 3416 1088 3472 dedistis
1101 3418 1221 3491 votisque
1230 3419 1285 3473 ina·

211 3505 279 3560 sape
292 3489 365 3561 apud
384 3504 473 3562 poetas
491 3505 544 3556 est,
558 3513 587 3546 v.
602 3511 626 3548 c.
641 3492 722 3546 Ovid.
768 3493 856 3548 uibus.
866 3527 902 3536 -
914 3497 1033 3562 Cons.V,
1045 3517 1075 3552 ar
1085 3516 1092 3549 :
1104 3501 1177 3552 Dicta
1190 3503 1287 3552 dabam

211 3566 317 3622 Heroid.
332 3569 392 3634 xx,
405 3576 455 3625 206
467 3577 546 3644 :fixoe
558 3573 725 3643 geomvals·
768 3577 858 3628 venui.
868 3573 921 3629 Eu.

210 3647 266 3700 rins
277 3647 429 3720 ipse,VIl,
445 3653 513 3706 258:
531 3657 614 3706 attolle
625 3672 725 3722 genam
806 3653 928 3725 175·aor.
955 3655 1111 3727 Argonauta
1140 3656 1205 3710 dum
1234 3656 1285 3712 iter

210 3724 257 3778 scd
273 3726 341 3780 illud
358 3729 531 3801 praeplacet),
547 3747 623 3800 arque
643 3735 726 3784 alieno
768 3745 968 3806 prosequuntur
977 3735 1097 3802 feliciter,
1109 3735 1224 3808 Erginus
1237 3756 1284 3808 gu·

209 3809 306 3873 gaudia
318 3812 402 3870 ναῖεν,
413 3809 509 3880 gaudia
528 3810 625 3884 quibus
636 3811 726 3866 vultus
770 3811 894 3866 ber-nator
905 3813 973 3881 alia,
982 3833 1064 3885 quam
1074 3816 1286 3888 quaveuissent,

211 3903 267 3938 non
277 3886 459 3958 responderet.
770 3891 811 3944 via
832 3891 945 3962 patriam
963 3906 1082 3965 repetere
1101 3893 1204 3948 suadet.
1222 3898 1286 3947 Inda

214 4025 216 4030 ¹
250 3965 308 4018 165.
329 3971 377 4018 Cur
395 3981 466 4019 tanta
483 3971 543 4022 miti
559 3990 608 4022 non
624 3971 726 4038 prodita
770 3971 834 4022 diem
860 3971 937 4024 illum
963 3987 1107 4042 noctemque
1132 3985 1286 4045 sequentem

207 4046 297 4110 pestis,
318 4065 367 4100 cur
382 4055 437 4101 tam
453 4048 633 4120 perniciosum
653 4067 727 4104 amo·
772 4053 943 4116 colamnam
952 4056 1105 4106 adunabo:
1114 4055 1297 4124 aaragratior„

209 4139 268 4176 rem
281 4123 348 4180 mibi
363 4143 417 4179 nou
431 4126 551 4182 contessa
563 4147 610 4194 es;
624 4129 728 4184 effecit·
773 4129 845 4182 venti
855 4131 939 4202 magis
951 4131 1073 4186 secundi.
