3006 4676
402 395 816 482 inconsurroon,
840 365 925 464 ltu.
949 399 992 464 x.
1109 340 1113 351 ¹
1166 399 1230 487 259

208 531 250 596 Et
262 529 368 620 rigido
384 528 559 594 commixta
575 550 659 593 sono
675 545 725 595 est
742 529 888 619 cogentis
906 529 1037 594 amicos.

207 646 272 712 Olli
285 643 485 710 conveniunt
500 643 627 708 moesti:
645 643 793 709 sublimis
809 645 906 709 lason

207 761 434 851 Nympharum
453 758 597 824 monitus
613 758 748 848 pandit,
765 760 967 848 caelestiaque
986 781 1063 826 ora:

249 872 437 964 «Accipitef,
455 894 477 938 o
492 873 590 956 socii,
606 889 640 938 et
654 871 794 963 placidas
812 871 968 939 advertite
982 889 1118 940 mentes.
1191 893 1229 946 ³⁷⁵

206 993 285 1058 Tres
301 989 382 1056 mihi
397 988 439 1055 de
457 1005 596 1052 numero
613 987 840 1077 Nympharum
856 990 998 1054 immane
1014 991 1163 1080 querenti

206 1107 385 1172 Occturere
404 1101 493 1185 deu,
514 1103 686 1168 succinctis
703 1103 838 1170 nebride
856 1103 943 1172 fulva

207 1219 427 1310 Corporibus,
441 1217 527 1282 nivei
542 1237 697 1308 supremo
713 1217 747 1282 in
763 1219 884 1284 vertice
901 1218 985 1284 colli.

207 1333 264 1398 llis
281 1332 417 1399 dorsum
434 1332 570 1396 incurro
587 1331 760 1398 nectebant
773 1332 903 1422 cingula
918 1354 1041 1400 morsu.

206 1445 337 1510 Adstitit
348 1444 487 1510 attonito
502 1443 637 1532 propior
652 1445 793 1529 chorus3
806 1447 941 1536 insuper
958 1469 1025 1512 una
1188 1467 1225 1508 uo

206 1559 377 1626 Ambrosia
392 1557 571 1624 ostendunt
585 1557 735 1624 deductis
751 1559 896 1625 vestibus
913 1581 988 1625 ora:

248 1706 262 1733 «
275 1676 332 1740 Eia
343 1673 502 1764 agedum,
517 1671 603 1750 dux,
617 1674 700 1762 pelle
716 1691 840 1756 moras,
858 1673 1031 1762 sociosque
1045 1673 1187 1740 revisens
1208 1713 1215 1722 -

206 1817 220 1844 ι
229 1787 386 1878 Evigilare
399 1785 478 1868 jube
489 1763 501 1869 ‚¹
512 1786 717 1876 proprieque
732 1807 891 1876 reponere
906 1788 1001 1852 matri

209 1901 367 1967 «Premis
384 1917 531 1967 materno
550 1899 618 1964 dux
633 1900 759 1991 integer
774 1919 866 1989 oequa
883 1901 995 1967 labori.

203 2017 304 2081 «Mox
321 2017 458 2082 celerem
474 2035 607 2080 currum
624 2015 797 2103 Neptunus
814 2016 950 2080 numine
963 2017 1069 2082 amico
1187 2035 1225 2077 us

205 2131 399 2221 «Expediet,
415 2132 600 2220 celeresque
613 2145 698 2195 rotas
712 2131 791 2194 levis
805 2130 999 2218 Amphitrite
1007 2161 1029 2196 ι.

247 2247 342 2311 «Non
357 2245 486 2310 valuere
502 2245 586 2309 acies
604 2243 704 2308 animi
719 2244 940 2309 internoscere
952 2245 1057 2310 moesti
1190 2241 1202 2254 ‘

203 2359 345 2426 Numina
362 2357 499 2424 fatidicis
517 2359 671 2424 solventia
685 2357 822 2423 vocibus
836 2381 902 2424 ora.

208 2473 250 2538 Se
268 2493 441 2538 nemorum
456 2471 568 2538 dixere
583 2471 676 2554 deas,
690 2473 890 2561 miserosque
904 2471 1049 2553 juvando

203 2587 374 2676 Mortales,
396 2587 504 2674 libye
519 2585 661 2676 pecudes
679 2601 713 2650 et
727 2608 804 2650 rura
820 2587 914 2651 tueri.
1183 2605 1223 2660 ιφ

201 2700 357 2765 Praeterea
373 2721 588 2788 quecumque
605 2699 701 2776 mari,
718 2721 932 2787 quecumque
948 2721 1006 2786 per
1021 2699 1134 2766 orbem

201 2815 388 2890 Gessium,
407 2835 476 2878 esse
490 2813 552 2877 sibi
567 2811 793 2876 memorabant
807 2811 932 2900 singula
950 2827 1035 2876 nota.

201 2929 269 2993 Nec
283 2929 412 3018 penitus
429 2925 546 2992 vidisse
563 2925 674 2990 dutrnu
689 2939 740 2990 est
755 2922 820 2988 hoc
835 2923 960 2988 lumine
975 2925 1151 3016 Nymphas.

199 3041 263 3108 Sed
280 3025 388 3108 medio
403 3041 546 3108 tenebras
560 3053 732 3129 sepserunt
748 3059 821 3102 aere
837 3037 943 3120 elium,

202 3158 283 3243 Quae
300 3173 428 3222 nostros
446 3156 599 3220 hebetare
613 3154 719 3220 solent
734 3152 868 3244 caligine
888 3153 975 3217 visus
991 3186 1014 3218 ι.
1180 3177 1218 3229 ³⁹⁵

243 3276 320 3340 llaec
336 3273 430 3338 fatus.
447 3272 609 3362 Stupuere
624 3269 740 3335 animis
757 3267 948 3334 nutantibus
965 3291 1096 3352 omncs,

200 3389 362 3478 Praecipue
380 3401 528 3452 monstro
544 3385 670 3472 Minyas
687 3383 827 3472 agitante
843 3383 985 3447 recenti!

198 3503 372 3593 AEquoreis
387 3501 537 3566 immanis
553 3520 658 3588 equus
678 3519 752 3562 nam
772 3497 895 3586 prosilit
914 3495 1028 3577 undis,

198 3617 319 3682 Effusis
335 3638 393 3706 per
412 3616 494 3682 colla
504 3615 592 3696 jubis
611 3613 734 3678 cervice
750 3611 910 3699 superbus

196 3733 391 3815 Auricoma,
410 3729 502 3811 cujus
519 3743 631 3794 rorant
652 3725 819 3816 aspergine
835 3724 980 3789 membra
1179 3747 1219 3793 ιω

196 3843 293 3910 Vasta
309 3845 423 3927 maris,
438 3864 603 3931 cursuque
617 3855 731 3938 notos,
744 3860 907 3926 cursuque
921 3841 1075 3926 procedas

197 3957 373 4036 Provocat,
390 3957 534 4024 hibernis
549 3957 653 4046 pelagi
667 3953 904 4020 inconstantior
923 3953 1029 4020 undis.

197 4071 305 4156 Quem
318 4075 424 4139 visurn
441 4074 551 4139 subito
568 4073 682 4138 Peleus
696 4072 847 4152 miratus,
862 4070 971 4137 amicis

1035 4211 1084 4274 17.
