3002 4680
252 343 290 410 16
548 345 584 408 C.
610 337 807 411 VALERII
838 348 1011 414 FLACCI

297 478 420 558 Varus,
433 499 508 541 eum
523 477 661 564 Scythiae
674 477 739 557 jam
754 477 845 542 tertia
857 477 981 544 viderat
992 495 1065 546 aetas

289 591 514 680 Magnanimos
528 588 656 679 Minyas
670 593 840 680 Argoaque
853 592 925 656 vela
938 611 1119 660 canentem.

289 705 380 770 Illius
393 721 426 768 ct
436 703 518 769 dites
533 705 667 768 monitis
682 703 917 794 spondentibus
931 707 1022 790 Indi,

290 819 332 883 Et
345 819 615 912 centumgeminae
626 812 729 908 Lagea
743 820 868 884 novalia
882 821 1026 906 Thebes,

290 935 439 1022 Totaque
458 933 591 1022 Rhipoeo
607 932 767 998 Panchaia
780 949 869 1023 rapta
882 935 1059 1024 triumpho.

333 1048 482 1114 Discolor
493 1047 632 1112 hastatas
645 1045 762 1112 effudit
774 1047 878 1113 Iberia
888 1065 1028 1130 turmas,

285 1164 376 1248 Quas
391 1164 523 1245 Otaces,
537 1185 618 1250 quas
631 1163 733 1226 Latris
747 1181 865 1252 agunt,
882 1179 915 1228 et
929 1181 1038 1254 raptor
1050 1181 1198 1230 amorum

264 1283 271 1300 ⁶
291 1279 439 1358 Neurus,
456 1293 489 1340 et
505 1291 652 1365 expertes
668 1278 812 1342 canentis
826 1279 956 1368 Iazyges
968 1279 1037 1344 aevi.

291 1393 458 1478 Namque,
475 1389 533 1454 ubi
543 1389 609 1470 jam
622 1387 771 1480 viresque
783 1391 868 1474 abac,
885 1407 1046 1482 notosque
1059 1395 1177 1460 refutat

289 1511 411 1586 Arcus,
426 1522 458 1570 et
470 1505 618 1593 inceptus
627 1507 693 1587 jam
705 1505 814 1571 lancea
826 1507 942 1572 temnit
952 1507 1088 1592 heriles,

280 1708 332 1754 115.
357 1709 442 1754 Vanus.
458 1705 564 1751 Vsticsn.
587 1714 610 1751 et
625 1707 715 1752 Bonon.
731 1703 832 1752 codices.
851 1705 940 1754 bonon.
961 1708 971 1753 I
988 1716 1012 1754 ct
1028 1707 1060 1754 11.
1077 1709 1145 1753 Junt.
1163 1707 1249 1754 Moser.
1260 1702 1314 1755 Ald.

249 1789 353 1833 Vonnus.
370 1786 469 1846 Engerrt.
486 1799 540 1829 cnm
559 1783 608 1830 Pio.
625 1787 714 1830 AEstos.
731 1784 835 1832 Vatimn.
854 1785 944 1831 Bonan.
962 1795 986 1834 tt
1005 1783 1058 1832 add
1077 1795 1132 1834 anta
1149 1787 1216 1832 Gerr.
1235 1787 1267 1832 II.
1282 1808 1314 1821 -—

249 1867 300 1912 ut.
317 1868 388 1926 Lago
408 1863 498 1910 novob'a
521 1862 612 1909 Thebes.
626 1863 731 1910 VatIcan.
754 1862 807 1910 cod.
830 1867 898 1926 ιαμ
921 1864 1011 1912 nonfuit
1033 1865 1128 1914 rtabss.
1151 1869 1243 1914 Boron·
1259 1863 1313 1913 cod.

246 1947 336 1991 nonos„
354 1945 371 1990 I.
387 1945 452 1989 funt.
470 1945 526 2004 lagi
546 1942 641 1988 uvalis
664 1941 749 1988 noba.
766 1943 857 1989 Boron.
872 1945 903 1992 II.
921 1946 980 2009 Lagi
1001 1946 1092 1992 aava&
1108 1947 1199 1994 nebu.
1220 1945 1307 1992 fluet.

246 2025 345 2085 Eugent.
357 2023 419 2083 logi
430 2017 519 2066 matt
533 2019 624 2066 Μαι.
640 2019 693 2066 ttd.
708 2022 818 2082 Ιιοημνα
830 2021 921 2066 nooofs'o
935 2023 1025 2070 rustes.
1037 2025 1102 2070 eurr.
1115 2025 1200 2083 mgna
1211 2021 1304 2068 novob'a

247 2100 381 2147 emendarit
396 2101 500 2146 Gronov.
510 2097 578 2145 Obss.
589 2099 612 2154 I,
628 2098 665 2144 18.
680 2125 711 2134 -
729 2113 780 2146 tao.
795 2099 888 2146 turon.
905 2101 1004 2161 lingent.
1020 2123 1052 2136 -·-
1067 2113 1119 2147 nr.
1135 2103 1197 2160 Quos
1207 2104 1308 2148 Sonam.

245 2183 310 2227 Iunt.
319 2189 343 2226 st
351 2189 452 2240 posterr.
465 2191 539 2238 usque
552 2176 583 2222 sd
598 2177 664 2224 Gerr.
675 2203 707 2212 -
725 2174 776 2222 123.
790 2179 908 2239 Notusque
921 2178 1012 2239 refutat.
1022 2178 1096 2225 Vatic.
1107 2181 1198 2226 Boron.
1208 2180 1279 2227 codd.
1286 2189 1311 2226 et

246 2260 300 2307 edd.
310 2268 363 2306 ants
372 2259 437 2304 Care.
446 2283 473 2294 -
483 2263 534 2310 rat.
545 2259 631 2318 Argon
642 2255 718 2303 Votic.
732 2258 822 2302 Bonorn
839 2255 909 2302 codd.
923 2258 1012 2312 honor.
1029 2257 1038 2302 I
1055 2265 1078 2303 et
1092 2259 1123 2305 II.
1135 2260 1200 2306 Just.
1219 2264 1309 2320 Angor.

247 2341 332 2386 Maser.
342 2352 395 2385 cum
406 2337 492 2384 Sabell.
502 2339 583 2383 Arcus.
592 2339 644 2382 Iam
654 2335 719 2382 aliud
729 2335 891 2386 emendaverat
900 2334 960 2382 Pius.
980 2337 1025 2382 Eu.

285 2504 343 2559 115.
352 2508 414 2556 Eunt
425 2503 529 2568 Scythiae
535 2503 593 2570 jorn
607 2503 677 2552 temo
688 2503 759 2554 oide-
802 2499 835 2554 ad
848 2500 984 2566 victorias,
1003 2519 1070 2573 ques
1085 2501 1189 2575 Scythas
1205 2503 1268 2556 olim
1279 2503 1314 2558 ad

246 2598 287 2636 rat
296 2598 371 2644 cetos,
383 2579 455 2653 quod
464 2591 625 2634 senectutem
632 2579 681 2632 riri
692 2576 760 2632 indi·
803 2581 947 2651 AEgyptum
956 2581 1118 2652 ulteriusque
1128 2581 1268 2654 protulisse
1274 2586 1314 2656 ja·

247 2675 306 2729 cat,
324 2673 349 2714 et
366 2660 400 2714 ad
416 2659 526 2714 Homeri
539 2660 652 2712 Nestora
666 2656 761 2712 adnm·
802 2660 909 2713 etabant
918 2677 926 2723 ;
935 2659 991 2714 rid.
1000 2662 1097 2714 furtin.
1109 2661 1157 2729 11,
1172 2663 1197 2716 3.

247 2743 353 2796 beatum
377 2751 436 2804 est,
459 2741 633 2807 magnanimos
657 2738 756 2804 Minyas
840 2757 899 2794 tao.
909 2743 1032 2802 Discolor,
1048 2759 1102 2795 nou
1115 2739 1149 2794 de
1166 2741 1256 2794 colore
1273 2741 1313 2795 fa·

247 2835 391 2880 omnum,
415 2817 461 2891 qui
479 2819 692 2889 Argonautarum
711 2817 758 2871 sd·
802 2818 868 2883 ciei,
890 2817 936 2872 sed
958 2821 1082 2876 varietate
1096 2821 1209 2874 restium
1228 2837 1314 2874 armo·

248 2912 357 2954 rentum
369 2895 533 2970 predixerat.
802 2917 915 2970 rumque
928 2899 1131 2972 accipiendum,
1146 2903 1259 2952 furatos
1275 2901 1313 2968 ss·

287 2997 344 3044 117.
367 2981 436 3030 Illius
456 2978 554 3028 monitis
573 2976 757 3044 spondenttbus,
795 2978 867 3046 sudft
882 2981 961 3030 Iberia
984 2979 1080 3049 (hodIe
1093 2975 1313 3048 Georgt'o.IIustis

249 3058 386 3112 victoriam
407 3067 507 3110 certam
528 3054 757 3126 promittentibus,
805 3058 1049 3123 Gnesiniomnnos.

249 3155 273 3190 et
284 3143 347 3196 ditet
359 3138 431 3197 Indt',
443 3149 468 3186 et
476 3137 678 3202 cenwmgsrninae
687 3173 694 3196 ,
703 3139 759 3190 fua·
841 3151 900 3188 tat.
922 3140 1014 3201 Raptor
1031 3154 1151 3196 amonem,
1170 3134 1313 3204 pignorum

250 3223 389 3290 ropnbtou,
402 3221 488 3284 tagra
505 3215 604 3266 novolio
619 3217 708 3266 Insbss
731 3215 759 3266 in
804 3213 911 3280 amoris,
923 3211 1076 3277 infantium,
1086 3212 1314 3285 puellarum,oon·

249 3301 382 3370 AEgypto,
404 3307 505 3360 totoque
529 3294 670 3353 Panchaia,
698 3309 760 3362 pars
802 3295 907 3363 jugum.
922 3291 965 3344 sio
983 3291 1108 3356 iufra,v.
1125 3292 1188 3344 268:
1204 3305 1313 3344 nostros·

250 3376 353 3430 matio
362 3371 557 3444 Troglodyticoe
569 3391 619 3444 pro
630 3383 683 3424 tots
694 3373 760 3423 Ara·
805 3371 921 3438 queserst
934 3373 976 3437 qui
984 3373 1065 3422 victor
1076 3390 1181 3424 amores.

250 3448 761 3524 bia,1t}ripoeotriwnpho,edtriumpbum
845 3467 904 3505 tra.
914 3453 1065 3518 Eterpsrtss
1081 3452 1191 3502 conentfs
1209 3455 1313 3519 Ioerges

251 3537 277 3589 iu
295 3533 423 3606 Scythis,
445 3545 530 3600 rapto,
557 3529 650 3584 excita.
675 3535 761 3597 lagen
805 3527 1108 3590 oni,rofuntarismorte
1118 3528 1240 3582 canitiem
1250 3547 1313 3599 pre·

250 3617 350 3668 novolio
367 3611 496 3666 debentur
509 3609 663 3672 Gronovio,
681 3607 759 3662 obss.
805 3618 943 3661 vertentes.

251 3694 298 3746 lib.
316 3694 346 3754 1,
364 3709 387 3745 c.
403 3690 434 3742 ιθ
446 3689 524 3756 (nam
540 3699 600 3741 ante
619 3705 680 3739 enm
698 3685 760 3738 fibri
843 3692 900 3738 123.
912 3691 1034 3754 Notaque,
1050 3689 1153 3756 ubijorn
1165 3691 1231 3740 uires
1245 3692 1311 3748 oiioe,

252 3772 384 3826 habebant
402 3771 537 3834 novatio),
553 3784 603 3838 per
617 3769 760 3840 opobabsra
805 3783 860 3818 non
879 3763 991 3842 exedent,
1009 3783 1067 3836 qutc
1086 3778 1178 3830 antea,
1197 3782 1314 3836 notosque

252 3850 393 3905 Ptolemrso
405 3846 471 3918 Lagi
483 3845 540 3899 filio
551 3845 589 3898 sic
602 3844 681 3898 dicta.
693 3850 761 3896 Arva
805 3845 896 3912 resartae
914 3864 1003 3905 arceas,
1019 3857 1139 3908 recusat,
1157 3864 1210 3898 non
1229 3858 1314 3918 potest

255 3933 318 3999 tagi
337 3938 398 3982 sunt
415 3923 487 3998 apud
509 3927 646 3978 Lucanum
656 3962 664 3990 ,
674 3923 741 3976 VIII
752 3965 761 3990 ,
805 3921 877 3976 tendi
888 3923 922 3976 ab
934 3939 982 3986 eo,
992 3923 1185 3994 quihucusque
1196 3923 1314 3978 tetende-

254 4009 315 4075 443.
329 4009 361 4061 In
374 4006 418 4058 his
428 4023 493 4058 retu
505 4016 558 4058 tam
568 4002 644 4075 longe
655 4003 762 4058 remotis
805 4005 1023 4072 rat,err'nceptus,
1032 4001 1172 4056 conamine
1183 4004 1314 4067 vibrandi,

253 4085 404 4159 regionibus
411 4083 577 4137 Burmannus
583 4093 659 4154 putat
665 4081 762 4154 respici
800 4085 856 4150 jorn
866 4086 955 4135 forceo
965 4085 1150 4134 annnitlren'les.
