3002 4680
338 343 400 447 C.
441 345 757 450 VALERII
814 349 1086 456 FLACCI

495 611 707 690 SETINI
746 613 929 693 BALBI

205 773 251 871 Ψ
297 809 1121 970 lacouluri'coiv·

480 1131 662 1210 LIBER
703 1133 949 1215 SEXTUS.

513 1387 904 1420 ψ

409 1583 657 1654 ANALYSIS
687 1584 827 1652 LIBRI
857 1585 1015 1654 SEXTI.

177 1749 292 1828 Reliqui
307 1749 349 1808 dii
366 1749 486 1828 deaeque
503 1749 618 1828 placido
633 1769 695 1808 sese
711 1750 853 1812 dederant
867 1771 986 1824 somno;
1004 1753 1081 1814 solus
1097 1758 1176 1814 Mars
1197 1759 1243 1814 ni-

217 1841 259 1900 hil
272 1841 310 1900 ab
324 1843 367 1900 ira
380 1842 536 1914 remittens,
549 1841 586 1900 de
596 1841 675 1901 bello
684 1844 804 1921 cogitat,
815 1842 937 1922 diuque,
949 1845 1006 1903 utri
1020 1847 1096 1924 parti
1109 1847 1244 1919 accedat,

216 1933 340 2007 dubius,
356 1934 471 1994 tandem
489 1939 583 1994 Persae
599 1935 771 2013 scythisque
785 1949 887 1996 contra
901 1943 1003 1996 AEeten
1019 1951 1049 1996 et
1061 1944 1243 2018 Argonautas

217 2029 355 2107 opitulari
369 2029 526 2090 constituit.
538 2034 663 2090 Currum
676 2029 764 2107 igitur
776 2030 854 2088 illico
869 2031 923 2089 hac
934 2031 996 2109 ipsa
1009 2045 1094 2091 noete
1108 2051 1243 2091 conscen-

214 2121 272 2193 dit,
289 2120 326 2180 ad
343 2135 436 2182 castra
450 2123 625 2200 Scytharum
638 2123 731 2194 venit,
747 2136 776 2180 et
792 2123 828 2182 ad
845 2143 925 2182 arma
941 2143 1041 2184 omnes
1058 2145 1094 2183 eo
1109 2125 1242 2204 inprimis

214 2215 354 2288 concitat,
364 2214 444 2294 quod
458 2216 570 2288 Jasoni,
581 2229 614 2274 ut
627 2217 658 2274 in
669 2213 739 2273 belli
753 2216 919 2274 societatem
931 2218 1057 2290 veniret,
1074 2218 1243 2277 fraudulen-

216 2319 260 2364 ter
275 2329 326 2366 rex
337 2314 433 2368 AEetea
446 2309 636 2388 persuaserit,
655 2311 735 2366 1-13.
752 2309 839 2382 Quod
855 2315 944 2369 AEetae
958 2311 1110 2370 eonsilium
1126 2323 1160 2368 ut
1171 2313 1242 2370 irri-

215 2414 275 2460 tum
292 2403 378 2461 saciat
391 2409 507 2476 Perses,
521 2403 609 2462 mittit
625 2401 662 2460 ad
677 2408 828 2504 Iasonemr
846 2403 913 2482 qui,
931 2417 1112 2482 quantopere
1128 2404 1189 2481 ipse
1204 2401 1241 2462 de

188 2495 191 2502 '
214 2495 356 2555 tradendo
369 2496 475 2555 vellere
491 2496 669 2556 laboraverit
682 2495 755 2574 (vid.
762 2501 798 2567 V,
815 2495 980 2575 ada-278),
994 2515 1087 2574 eoque
1103 2497 1175 2554 iram
1192 2517 1242 2555 re-

214 2589 256 2666 gis
276 2588 306 2646 in
329 2609 359 2648 se
379 2590 582 2660 concitaverit,
602 2600 768 2662 monerent,
786 2601 816 2646 et
835 2591 864 2645 iu
883 2607 949 2646 suas
967 2600 1063 2666 partes
1083 2588 1241 2647 traherent.

212 2681 350 2740 Mandata
365 2701 504 2760 peragere
518 2681 603 2760 legati
618 2693 781 2758 nequeunt,
798 2700 864 2738 nam
879 2679 1024 2758 adipsum
1037 2681 1178 2739 orientem
1191 2701 1242 2740 so-

213 2765 270 2830 lem
280 2775 393 2851 agmina
403 2777 482 2832 Mars
494 2773 648 2832 committit
658 2773 817 2850 utrimque,
831 2774 929 2842 14-32.
944 2777 1034 2830 Poeta
1046 2773 1140 2850 prius,
1152 2793 1240 2851 quam

212 2865 345 2940 praelium
364 2865 459 2943 ipsum
474 2863 634 2936 describat,
655 2877 754 2942 gentes
772 2861 918 2942 ducesque
934 2878 1084 2922 enumerat
1100 2865 1241 2943 insignio-

212 2975 275 3028 res,
291 2970 320 3015 et
334 2957 561 3036 primoquidem
575 2958 741 3034 Scythicos,
757 2957 881 3028 33-170.
903 2959 926 3014 1.
943 2956 1081 3028 nausis,
1098 2975 1148 3014 rex
1166 2957 1239 3016 Ala-

211 3069 317 3108 norum
327 3065 356 3109 et
365 3049 598 3120 Heniochorum,
607 3049 736 3107 infensus
746 3067 796 3119 eo,
805 3045 885 3126 quod
895 3046 999 3106 Medea
1010 3047 1066 3125 ipsi
1075 3047 1144 3106 olim
1155 3062 1239 3125 pacta

213 3143 320 3214 fuerat,
337 3151 438 3216 [ιι-47.
451 3148 489 3202 11.
502 3143 639 3214 Colaxes,
653 3140 714 3200 dux
728 3141 912 3212 Bisaltarum,
925 3141 1001 3198 silius
1014 3141 1095 3198 Iovis
1109 3161 1145 3198 ex
1159 3161 1241 3217 nym-

211 3235 270 3312 pha
279 3235 428 3312 Scythiea,
445 3235 540 3313 48-59.
553 3234 752 3306 nauarchus,
765 3231 825 3290 dux
837 3233 1071 3303 Cimmeriorum,
1082 3232 1175 3290 crines
1188 3233 1241 3290 tri-

211 3326 281 3402 plici
297 3323 376 3384 nodo
391 3325 563 3384 constrictos
582 3327 611 3382 iu
626 3327 734 3384 vertice
755 3343 873 3402 gerens,
895 3325 1000 3393 60-64.
1020 3329 1071 3384 1v.
1089 3324 1205 3398 Dathis,
1223 3346 1240 3383 a

212 3437 278 3496 rege
293 3439 346 3478 suo
361 3425 476 3496 Darape
494 3417 555 3476 dux
572 3418 690 3492 missus,
705 3417 758 3477 sub
773 3418 861 3496 signis
875 3417 964 3476 hahet
978 3416 1170 3496 Gangaridas,
1187 3439 1240 3477 ac-

210 3512 345 3590 colasque
366 3513 448 3571 lluvii
467 3517 580 3589 Geryos
600 3512 737 3590 lacusque
760 3513 859 3581 Bices,
875 3511 978 3569 65-68.
992 3515 1104 3569 v-Vll.
1120 3515 1238 3584 Anxur,

211 3602 377 3676 Rhodalus,
393 3602 509 3681 Sydon,
531 3605 578 3681 69.
591 3608 673 3664 VIII.
693 3605 827 3682 Phryxus
848 3603 884 3662 ala
905 3604 1029 3663 Acesina
1047 3603 1137 3662 fluvio
1158 3601 1239 3662 ducit

211 3715 326 3774 agmen,
341 3695 419 3776 quod
434 3715 551 3755 cervum
564 3696 653 3756 habet
666 3715 721 3774 pro
737 3698 819 3776 signo
830 3695 963 3767 militari,
977 3697 1088 3768 ἰο-73.Ὶ
1098 3699 1151 3754 ΙΧ.
1165 3699 1238 3772 Sye-

209 3807 277 3854 nes,
294 3789 354 3848 dux
372 3789 466 3867 gentis
485 3791 605 3866 Hylaeae,
623 3809 688 3868 quae
708 3787 794 3848 silvas
813 3789 883 3848 colit
899 3787 1119 3858 amoenissimae,
1135 3787 1236 3859 74-78.

210 3885 248 3939 X.
263 3881 362 3958 Cyris,
382 3882 441 3940 dux
456 3885 672 3958 Hyrcanorum,
692 3903 739 3959 79.
753 3886 809 3941 XI.
829 3882 986 3954 Coraletae,
1001 3881 1031 3938 in
1045 3879 1181 3958 plaustris
1191 3879 1237 3936 vi-

210 3987 321 4043 ventes,
337 3974 439 4032 llo-83.
460 3979 616 4035 XII-XIV.
633 3980 717 4053 Tyra
733 3975 814 4034 lluvii
833 3976 938 4034 accolae
949 4018 958 4047 ,
970 4037 971 4046 ¹
982 3988 1014 4033 et
1031 3993 1105 4052 quos
1120 3973 1238 4032 miserat

208 4062 357 4122 Ambenus
379 4085 460 4124 mons
483 4059 512 4124 et
533 4065 603 4126 urbs
623 4067 774 4146 Ophiusa,
791 4069 845 4142 84,
860 4067 907 4126 85.
925 4072 990 4128 XV.
1010 4065 1109 4138 Sindi,
1124 4065 1235 4124 servilis

1079 4194 1105 4234 1.
