<?xml version="1.0" encoding="UTF-8"?>
<!DOCTYPE html PUBLIC "-//W3C//DTD XHTML 1.0 Transitional//EN"
    "http://www.w3.org/TR/xhtml1/DTD/xhtml1-transitional.dtd">
<html xmlns="http://www.w3.org/1999/xhtml" xml:lang="en" lang="en">
 <head>
  <title>
</title>
<meta http-equiv="Content-Type" content="text/html;charset=utf-8" />
  <meta name='ocr-system' content='tesseract 3.04.00' />
  <meta name='ocr-capabilities' content='ocr_page ocr_carea ocr_par ocr_line ocrx_word'/>
</head>
<body>
  <div class='ocr_page' id='page_1' title='image "./cvaleriiflaccis02apolgoog_0215.png"; bbox 0 0 3006 4676; ppageno 0'>
   <div class='ocr_carea' id='block_1_1' title="bbox 225 333 1254 3766">
    <p class='ocr_par' dir='ltr' id='par_1_1' title="bbox 225 333 1254 3766">
     <span class='ocr_line' id='line_1_1' title="bbox 390 333 1033 416; baseline -0.006 -14"><span class='ocrx_word' id='word_1_1' title='bbox 390 333 796 416; x_wconf 82' lang='lat' dir='ltr'>ARGONAUTICON,</span> <span class='ocrx_word' id='word_1_2' title='bbox 827 335 913 399; x_wconf 89' lang='lat' dir='ltr'>LIB.</span> <span class='ocrx_word' id='word_1_3' title='bbox 933 333 1033 398; x_wconf 88' lang='lat' dir='ltr'>Vlll.</span> 
     </span>
     <span class='ocr_line' id='line_1_2' title="bbox 225 465 1133 556; baseline -0.002 -26"><span class='ocrx_word' id='word_1_4' title='bbox 225 465 398 548; x_wconf 87' lang='lat' dir='ltr'>Chimerii,</span> <span class='ocrx_word' id='word_1_5' title='bbox 415 488 519 550; x_wconf 88' lang='lat' dir='ltr'>soror,</span> <span class='ocrx_word' id='word_1_6' title='bbox 533 466 729 532; x_wconf 79' lang='lat' dir='ltr'>AEsonides?</span> <span class='ocrx_word' id='word_1_7' title='bbox 746 467 902 556; x_wconf 89' lang='lat' dir='ltr'>relegime</span> <span class='ocrx_word' id='word_1_8' title='bbox 918 467 1027 555; x_wconf 89' lang='lat' dir='ltr'>priora</span> <span class='ocrx_word' id='word_1_9' title='bbox 1128 496 1133 506; x_wconf 75' lang='lat'>=</span> 
     </span>
     <span class='ocr_line' id='line_1_3' title="bbox 227 579 1071 670; baseline -0.001 -25"><span class='ocrx_word' id='word_1_10' title='bbox 227 579 362 646; x_wconf 77' lang='lat' dir='ltr'>Litora?</span> <span class='ocrx_word' id='word_1_11' title='bbox 383 581 434 645; x_wconf 89' lang='lat' dir='ltr'>vel</span> <span class='ocrx_word' id='word_1_12' title='bbox 450 597 564 670; x_wconf 89' lang='lat' dir='ltr'>portus</span> <span class='ocrx_word' id='word_1_13' title='bbox 581 583 660 647; x_wconf 86' lang='lat' dir='ltr'>alios</span> <span class='ocrx_word' id='word_1_14' title='bbox 680 583 850 648; x_wconf 88' lang='lat' dir='ltr'>subiturus</span> <span class='ocrx_word' id='word_1_15' title='bbox 872 597 906 646; x_wconf 87' lang='lat' dir='ltr'>et</span> <span class='ocrx_word' id='word_1_16' title='bbox 923 581 1042 646; x_wconf 82' lang='lat' dir='ltr'>urbes?</span> <span class='ocrx_word' id='word_1_17' title='bbox 1059 612 1071 636; x_wconf 67' lang='grc' dir='ltr'><strong>ι</strong></span> 
     </span>
     <span class='ocr_line' id='line_1_4' title="bbox 228 696 1060 788; baseline -0.001 -28"><span class='ocrx_word' id='word_1_18' title='bbox 228 697 335 761; x_wconf 79' lang='lat' dir='ltr'><strong>Fallax</strong></span> <span class='ocrx_word' id='word_1_19' title='bbox 348 713 386 764; x_wconf 93' lang='lat' dir='ltr'>ut</span> <span class='ocrx_word' id='word_1_20' title='bbox 396 696 532 778; x_wconf 85' lang='lat' dir='ltr'>juvenes</span> <span class='ocrx_word' id='word_1_21' title='bbox 547 696 662 762; x_wconf 90' lang='lat' dir='ltr'>Graios</span> <span class='ocrx_word' id='word_1_22' title='bbox 672 747 681 780; x_wconf 91' lang='lat'>,</span> <span class='ocrx_word' id='word_1_23' title='bbox 693 699 881 788; x_wconf 85' lang='lat' dir='ltr'>pubemque</span> <span class='ocrx_word' id='word_1_24' title='bbox 895 697 1060 786; x_wconf 81' lang='lat' dir='ltr'><strong>Pelasgam</strong></span> 
     </span>
     <span class='ocr_line' id='line_1_5' title="bbox 226 805 1046 903; baseline -0.001 -27"><span class='ocrx_word' id='word_1_25' title='bbox 226 805 492 900; x_wconf 75' lang='lat' dir='ltr'>Excipiat&#39;lerro,</span> <span class='ocrx_word' id='word_1_26' title='bbox 510 829 609 902; x_wconf 89' lang='lat' dir='ltr'>atque</span> <span class='ocrx_word' id='word_1_27' title='bbox 622 813 754 879; x_wconf 91' lang='lat' dir='ltr'>inimico</span> <span class='ocrx_word' id='word_1_28' title='bbox 769 813 889 903; x_wconf 82' lang='lat' dir='ltr'>remige</span> <span class='ocrx_word' id='word_1_29' title='bbox 905 810 1046 893; x_wconf 61' lang='lat' dir='ltr'>claudam</span> 
     </span>
     <span class='ocr_line' id='line_1_6' title="bbox 228 903 1212 1009; baseline 0.003 -20"><span class='ocrx_word' id='word_1_30' title='bbox 228 926 342 1009; x_wconf 83' lang='lat' dir='ltr'>Quum</span> <span class='ocrx_word' id='word_1_31' title='bbox 361 926 472 992; x_wconf 88' lang='lat' dir='ltr'>subito</span> <span class='ocrx_word' id='word_1_32' title='bbox 483 926 656 992; x_wconf 83' lang='lat' dir='ltr'>AEsonides</span> <span class='ocrx_word' id='word_1_33' title='bbox 675 903 783 992; x_wconf 82' lang='lat' dir='ltr'>densis</span> <span class='ocrx_word' id='word_1_34' title='bbox 803 927 892 992; x_wconf 80' lang='lat' dir='ltr'><strong>subit</strong></span> <span class='ocrx_word' id='word_1_35' title='bbox 909 944 1000 991; x_wconf 88' lang='lat' dir='ltr'>actus</span> <span class='ocrx_word' id='word_1_36' title='bbox 1015 925 1056 990; x_wconf 88' lang='lat' dir='ltr'>ab</span> <span class='ocrx_word' id='word_1_37' title='bbox 1070 927 1212 1008; x_wconf 88' lang='lat' dir='ltr'>umbris,</span> 
     </span>
     <span class='ocr_line' id='line_1_7' title="bbox 229 1041 1254 1130; baseline -0.005 -24"><span class='ocrx_word' id='word_1_38' title='bbox 229 1041 424 1130; x_wconf 87' lang='lat' dir='ltr'>Attollitque</span> <span class='ocrx_word' id='word_1_39' title='bbox 440 1065 540 1106; x_wconf 90' lang='lat' dir='ltr'>manu</span> <span class='ocrx_word' id='word_1_40' title='bbox 557 1041 720 1107; x_wconf 89' lang='lat' dir='ltr'>nudatum</span> <span class='ocrx_word' id='word_1_41' title='bbox 741 1042 885 1107; x_wconf 85' lang='lat' dir='ltr'>fervidus</span> <span class='ocrx_word' id='word_1_42' title='bbox 906 1063 1037 1106; x_wconf 89' lang='lat' dir='ltr'>ensem.</span> <span class='ocrx_word' id='word_1_43' title='bbox 1216 1062 1254 1102; x_wconf 80' lang='lat' dir='ltr'>sss</span> 
     </span>
     <span class='ocr_line' id='line_1_8' title="bbox 230 1157 991 1247; baseline 0.005 -27"><span class='ocrx_word' id='word_1_44' title='bbox 230 1158 273 1221; x_wconf 83' lang='lat' dir='ltr'>At</span> <span class='ocrx_word' id='word_1_45' title='bbox 285 1157 378 1247; x_wconf 90' lang='lat' dir='ltr'>virgo</span> <span class='ocrx_word' id='word_1_46' title='bbox 393 1158 496 1222; x_wconf 90' lang='lat' dir='ltr'>velata</span> <span class='ocrx_word' id='word_1_47' title='bbox 512 1159 647 1241; x_wconf 88' lang='lat' dir='ltr'>oculos,</span> <span class='ocrx_word' id='word_1_48' title='bbox 663 1175 696 1223; x_wconf 90' lang='lat' dir='ltr'>et</span> <span class='ocrx_word' id='word_1_49' title='bbox 717 1158 824 1223; x_wconf 82' lang='lat' dir='ltr'>fronte</span> <span class='ocrx_word' id='word_1_50' title='bbox 839 1157 991 1240; x_wconf 86' lang='lat' dir='ltr'>reducta,</span> 
     </span>
     <span class='ocr_line' id='line_1_9' title="bbox 228 1271 1060 1360; baseline 0.002 -26"><span class='ocrx_word' id='word_1_51' title='bbox 228 1271 370 1335; x_wconf 83' lang='lat' dir='ltr'>Cernere</span> <span class='ocrx_word' id='word_1_52' title='bbox 385 1293 452 1334; x_wconf 89' lang='lat' dir='ltr'>non</span> <span class='ocrx_word' id='word_1_53' title='bbox 472 1272 580 1360; x_wconf 88' lang='lat' dir='ltr'>potuit</span> <span class='ocrx_word' id='word_1_54' title='bbox 599 1273 767 1336; x_wconf 88' lang='lat' dir='ltr'>morientis</span> <span class='ocrx_word' id='word_1_55' title='bbox 785 1274 918 1336; x_wconf 80' lang='lat' dir='ltr'>vulnera</span> <span class='ocrx_word' id='word_1_56' title='bbox 936 1272 1060 1338; x_wconf 83' lang='lat' dir='ltr'>fratris:</span> 
     </span>
     <span class='ocr_line' id='line_1_10' title="bbox 228 1384 979 1474; baseline 0.003 -26"><span class='ocrx_word' id='word_1_57' title='bbox 228 1384 399 1474; x_wconf 87' lang='lat' dir='ltr'>Impietate</span> <span class='ocrx_word' id='word_1_58' title='bbox 412 1385 465 1474; x_wconf 89' lang='lat' dir='ltr'>pia</span> <span class='ocrx_word' id='word_1_59' title='bbox 478 1402 537 1451; x_wconf 87' lang='lat' dir='ltr'>est.</span> <span class='ocrx_word' id='word_1_60' title='bbox 557 1386 670 1469; x_wconf 89' lang='lat' dir='ltr'>Qualis</span> <span class='ocrx_word' id='word_1_61' title='bbox 685 1387 808 1451; x_wconf 87' lang='lat' dir='ltr'>cervice</span> <span class='ocrx_word' id='word_1_62' title='bbox 819 1385 979 1466; x_wconf 82' lang='lat' dir='ltr'>juvencus</span> 
     </span>
     <span class='ocr_line' id='line_1_11' title="bbox 228 1497 950 1588; baseline -0.004 -24"><span class='ocrx_word' id='word_1_63' title='bbox 228 1497 362 1564; x_wconf 80' lang='lat' dir='ltr'><strong>Saucius</strong></span> <span class='ocrx_word' id='word_1_64' title='bbox 376 1522 394 1562; x_wconf 85' lang='lat' dir='ltr'>a</span> <span class='ocrx_word' id='word_1_65' title='bbox 407 1499 530 1588; x_wconf 90' lang='lat' dir='ltr'>Libyco</span> <span class='ocrx_word' id='word_1_66' title='bbox 545 1499 683 1564; x_wconf 79' lang='lat' dir='ltr'>reboans</span> <span class='ocrx_word' id='word_1_67' title='bbox 699 1501 840 1564; x_wconf 89' lang='lat' dir='ltr'>immane</span> <span class='ocrx_word' id='word_1_68' title='bbox 853 1497 950 1564; x_wconf 92' lang='lat' dir='ltr'>leone</span> 
     </span>
     <span class='ocr_line' id='line_1_12' title="bbox 228 1612 1043 1704; baseline 0 -26"><span class='ocrx_word' id='word_1_69' title='bbox 228 1614 269 1678; x_wconf 86' lang='lat' dir='ltr'>Se</span> <span class='ocrx_word' id='word_1_70' title='bbox 284 1629 380 1696; x_wconf 86' lang='lat' dir='ltr'>rotat,</span> <span class='ocrx_word' id='word_1_71' title='bbox 399 1631 431 1678; x_wconf 86' lang='lat' dir='ltr'>et</span> <span class='ocrx_word' id='word_1_72' title='bbox 448 1615 534 1704; x_wconf 83' lang='lat' dir='ltr'>gyris</span> <span class='ocrx_word' id='word_1_73' title='bbox 550 1612 763 1678; x_wconf 84' lang='lat' dir='ltr'>redeuntibus</span> <span class='ocrx_word' id='word_1_74' title='bbox 776 1613 920 1703; x_wconf 89' lang='lat' dir='ltr'>implicat</span> <span class='ocrx_word' id='word_1_75' title='bbox 933 1613 1043 1678; x_wconf 90' lang='lat' dir='ltr'>orbes:</span> 
     </span>
     <span class='ocr_line' id='line_1_13' title="bbox 228 1727 1007 1817; baseline 0.003 -26"><span class='ocrx_word' id='word_1_76' title='bbox 228 1727 315 1792; x_wconf 86' lang='lat' dir='ltr'>Talis</span> <span class='ocrx_word' id='word_1_77' title='bbox 331 1728 373 1792; x_wconf 96' lang='lat' dir='ltr'>ab</span> <span class='ocrx_word' id='word_1_78' title='bbox 390 1727 547 1794; x_wconf 87' lang='lat' dir='ltr'>AEmonio</span> <span class='ocrx_word' id='word_1_79' title='bbox 567 1750 740 1817; x_wconf 88' lang='lat' dir='ltr'>percussus</span> <span class='ocrx_word' id='word_1_80' title='bbox 756 1728 913 1792; x_wconf 88' lang='lat' dir='ltr'>Ponticus</span> <span class='ocrx_word' id='word_1_81' title='bbox 930 1751 1007 1793; x_wconf 89' lang='lat' dir='ltr'>ense</span> 
     </span>
     <span class='ocr_line' id='line_1_14' title="bbox 229 1841 971 1932; baseline -0.003 -25"><span class='ocrx_word' id='word_1_82' title='bbox 229 1842 402 1932; x_wconf 78' lang='lat' dir='ltr'>Absyrtus,</span> <span class='ocrx_word' id='word_1_83' title='bbox 421 1843 496 1908; x_wconf 92' lang='lat' dir='ltr'>licet</span> <span class='ocrx_word' id='word_1_84' title='bbox 512 1843 689 1927; x_wconf 85' lang='lat' dir='ltr'>attonitus,</span> <span class='ocrx_word' id='word_1_85' title='bbox 704 1859 737 1907; x_wconf 90' lang='lat' dir='ltr'>et</span> <span class='ocrx_word' id='word_1_86' title='bbox 751 1841 849 1907; x_wconf 84' lang='lat' dir='ltr'>corde</span> <span class='ocrx_word' id='word_1_87' title='bbox 865 1843 971 1932; x_wconf 88' lang='lat' dir='ltr'>gelato</span> 
     </span>
     <span class='ocr_line' id='line_1_15' title="bbox 229 1957 1026 2046; baseline 0.001 -24"><span class='ocrx_word' id='word_1_88' title='bbox 229 1957 368 2041; x_wconf 82' lang='lat' dir='ltr'>Saxeus,</span> <span class='ocrx_word' id='word_1_89' title='bbox 383 1980 470 2022; x_wconf 87' lang='lat' dir='ltr'>arma</span> <span class='ocrx_word' id='word_1_90' title='bbox 485 1973 592 2022; x_wconf 89' lang='lat' dir='ltr'>tamen</span> <span class='ocrx_word' id='word_1_91' title='bbox 603 1957 801 2039; x_wconf 84' lang='lat' dir='ltr'>juvenilibus</span> <span class='ocrx_word' id='word_1_92' title='bbox 814 1974 886 2046; x_wconf 88' lang='lat' dir='ltr'>apta</span> <span class='ocrx_word' id='word_1_93' title='bbox 900 1958 1026 2023; x_wconf 89' lang='lat' dir='ltr'>lacertis</span> 
     </span>
     <span class='ocr_line' id='line_1_16' title="bbox 230 2071 1056 2162; baseline 0 -24"><span class='ocrx_word' id='word_1_94' title='bbox 230 2073 389 2162; x_wconf 85' lang='lat' dir='ltr'>Corripit,</span> <span class='ocrx_word' id='word_1_95' title='bbox 406 2089 439 2138; x_wconf 91' lang='lat' dir='ltr'>et</span> <span class='ocrx_word' id='word_1_96' title='bbox 455 2095 539 2137; x_wconf 80' lang='lat' dir='ltr'>soevo</span> <span class='ocrx_word' id='word_1_97' title='bbox 552 2071 616 2138; x_wconf 80' lang='lat' dir='ltr'>fert</span> <span class='ocrx_word' id='word_1_98' title='bbox 632 2073 817 2138; x_wconf 89' lang='lat' dir='ltr'>comminus</span> <span class='ocrx_word' id='word_1_99' title='bbox 831 2095 888 2137; x_wconf 90' lang='lat' dir='ltr'>ora</span> <span class='ocrx_word' id='word_1_100' title='bbox 906 2089 1056 2162; x_wconf 84' lang='lat' dir='ltr'>tyranno.</span> 
     </span>
     <span class='ocr_line' id='line_1_17' title="bbox 229 2188 1088 2278; baseline 0.002 -26"><span class='ocrx_word' id='word_1_101' title='bbox 229 2188 398 2252; x_wconf 88' lang='lat' dir='ltr'>Vestibulo</span> <span class='ocrx_word' id='word_1_102' title='bbox 412 2189 445 2252; x_wconf 90' lang='lat' dir='ltr'>in</span> <span class='ocrx_word' id='word_1_103' title='bbox 462 2189 584 2277; x_wconf 89' lang='lat' dir='ltr'>primo,</span> <span class='ocrx_word' id='word_1_104' title='bbox 605 2205 779 2278; x_wconf 85' lang='lat' dir='ltr'>postquam</span> <span class='ocrx_word' id='word_1_105' title='bbox 793 2189 955 2253; x_wconf 87' lang='lat' dir='ltr'>manantia</span> <span class='ocrx_word' id='word_1_106' title='bbox 970 2191 1088 2255; x_wconf 87' lang='lat' dir='ltr'>frustra</span> 
     </span>
     <span class='ocr_line' id='line_1_18' title="bbox 230 2302 1046 2394; baseline 0.004 -28"><span class='ocrx_word' id='word_1_107' title='bbox 230 2302 371 2369; x_wconf 87' lang='lat' dir='ltr'>Vulnera</span> <span class='ocrx_word' id='word_1_108' title='bbox 388 2304 523 2369; x_wconf 87' lang='lat' dir='ltr'>tentavit</span> <span class='ocrx_word' id='word_1_109' title='bbox 539 2305 676 2394; x_wconf 90' lang='lat' dir='ltr'>geminis</span> <span class='ocrx_word' id='word_1_110' title='bbox 692 2326 900 2392; x_wconf 85' lang='lat' dir='ltr'>compescere</span> <span class='ocrx_word' id='word_1_111' title='bbox 912 2305 1046 2392; x_wconf 89' lang='lat' dir='ltr'>palmis,</span> 
     </span>
     <span class='ocr_line' id='line_1_19' title="bbox 229 2417 1014 2506; baseline 0.001 -25"><span class='ocrx_word' id='word_1_112' title='bbox 229 2418 384 2483; x_wconf 87' lang='lat' dir='ltr'>Luctatus</span> <span class='ocrx_word' id='word_1_113' title='bbox 400 2419 558 2500; x_wconf 85' lang='lat' dir='ltr'>multum,</span> <span class='ocrx_word' id='word_1_114' title='bbox 581 2417 683 2484; x_wconf 88' lang='lat' dir='ltr'>calida</span> <span class='ocrx_word' id='word_1_115' title='bbox 696 2417 883 2506; x_wconf 89' lang='lat' dir='ltr'>procumbit</span> <span class='ocrx_word' id='word_1_116' title='bbox 900 2439 1014 2501; x_wconf 89' lang='lat' dir='ltr'>arena,</span> 
     </span>
     <span class='ocr_line' id='line_1_20' title="bbox 230 2533 1046 2622; baseline -0.001 -23"><span class='ocrx_word' id='word_1_117' title='bbox 230 2533 406 2622; x_wconf 70' lang='lat' dir='ltr'>Dianaeque</span> <span class='ocrx_word' id='word_1_118' title='bbox 420 2533 548 2598; x_wconf 89' lang='lat' dir='ltr'>tholum</span> <span class='ocrx_word' id='word_1_119' title='bbox 565 2533 765 2598; x_wconf 88' lang='lat' dir='ltr'>moribundo</span> <span class='ocrx_word' id='word_1_120' title='bbox 780 2534 904 2597; x_wconf 90' lang='lat' dir='ltr'>lumine</span> <span class='ocrx_word' id='word_1_121' title='bbox 922 2536 1046 2618; x_wconf 86' lang='lat' dir='ltr'>cernit,</span> 
     </span>
     <span class='ocr_line' id='line_1_21' title="bbox 231 2646 1077 2737; baseline 0.002 -25"><span class='ocrx_word' id='word_1_122' title='bbox 231 2647 340 2732; x_wconf 90' lang='lat' dir='ltr'>Quem</span> <span class='ocrx_word' id='word_1_123' title='bbox 353 2648 476 2737; x_wconf 80' lang='lat' dir='ltr'>Brygos</span> <span class='ocrx_word' id='word_1_124' title='bbox 490 2669 630 2710; x_wconf 86' lang='lat' dir='ltr'>sacrasse</span> <span class='ocrx_word' id='word_1_125' title='bbox 648 2647 735 2710; x_wconf 87' lang='lat' dir='ltr'>viros</span> <span class='ocrx_word' id='word_1_126' title='bbox 748 2646 812 2711; x_wconf 80' lang='lat' dir='ltr'>fert</span> <span class='ocrx_word' id='word_1_127' title='bbox 825 2661 912 2712; x_wconf 89' lang='lat' dir='ltr'>certa</span> <span class='ocrx_word' id='word_1_128' title='bbox 925 2663 1077 2714; x_wconf 87' lang='lat' dir='ltr'>vetustas.</span> 
     </span>
     <span class='ocr_line' id='line_1_22' title="bbox 229 2759 998 2848; baseline -0.001 -21"><span class='ocrx_word' id='word_1_129' title='bbox 229 2763 357 2828; x_wconf 75' lang='lat' dir='ltr'>Avertit</span> <span class='ocrx_word' id='word_1_130' title='bbox 376 2761 480 2826; x_wconf 90' lang='lat' dir='ltr'>Diana</span> <span class='ocrx_word' id='word_1_131' title='bbox 499 2761 626 2842; x_wconf 90' lang='lat' dir='ltr'>oculos,</span> <span class='ocrx_word' id='word_1_132' title='bbox 652 2759 848 2848; x_wconf 87' lang='lat' dir='ltr'>scelerisque</span> <span class='ocrx_word' id='word_1_133' title='bbox 867 2761 998 2826; x_wconf 84' lang='lat' dir='ltr'>nefandi</span> 
     </span>
     <span class='ocr_line' id='line_1_23' title="bbox 230 2873 1123 2968; baseline 0.004 -28"><span class='ocrx_word' id='word_1_134' title='bbox 230 2877 367 2941; x_wconf 90' lang='lat' dir='ltr'>Horruit</span> <span class='ocrx_word' id='word_1_135' title='bbox 385 2897 457 2940; x_wconf 87' lang='lat' dir='ltr'>orsa</span> <span class='ocrx_word' id='word_1_136' title='bbox 476 2893 567 2939; x_wconf 90' lang='lat' dir='ltr'>atrox</span> <span class='ocrx_word' id='word_1_137' title='bbox 585 2893 617 2940; x_wconf 92' lang='lat' dir='ltr'>et</span> <span class='ocrx_word' id='word_1_138' title='bbox 632 2897 704 2964; x_wconf 75' lang='lat' dir='ltr'>que</span> <span class='ocrx_word' id='word_1_139' title='bbox 723 2873 835 2940; x_wconf 87' lang='lat' dir='ltr'>domat</span> <span class='ocrx_word' id='word_1_140' title='bbox 848 2877 956 2940; x_wconf 90' lang='lat' dir='ltr'>omnia</span> <span class='ocrx_word' id='word_1_141' title='bbox 973 2877 1123 2968; x_wconf 85' lang='lat' dir='ltr'>Erinnys.</span> 
     </span>
     <span class='ocr_line' id='line_1_24' title="bbox 232 2987 1026 3080; baseline -0.001 -24"><span class='ocrx_word' id='word_1_142' title='bbox 232 2991 320 3075; x_wconf 88' lang='lat' dir='ltr'>Quin</span> <span class='ocrx_word' id='word_1_143' title='bbox 340 2991 447 3056; x_wconf 85' lang='lat' dir='ltr'>faciles</span> <span class='ocrx_word' id='word_1_144' title='bbox 464 2989 573 3054; x_wconf 90' lang='lat' dir='ltr'>medio</span> <span class='ocrx_word' id='word_1_145' title='bbox 590 3005 786 3080; x_wconf 89' lang='lat' dir='ltr'>gemuerunt</span> <span class='ocrx_word' id='word_1_146' title='bbox 801 2987 906 3054; x_wconf 87' lang='lat' dir='ltr'>flebile</span> <span class='ocrx_word' id='word_1_147' title='bbox 922 3007 1026 3078; x_wconf 91' lang='lat' dir='ltr'>ponto</span> 
     </span>
     <span class='ocr_line' id='line_1_25' title="bbox 231 3104 1053 3193; baseline 0 -23"><span class='ocrx_word' id='word_1_148' title='bbox 231 3105 406 3187; x_wconf 81' lang='lat' dir='ltr'>Nereides3</span> <span class='ocrx_word' id='word_1_149' title='bbox 431 3107 612 3193; x_wconf 78' lang='lat' dir='ltr'>&#39;l&#39;ritonque</span> <span class='ocrx_word' id='word_1_150' title='bbox 630 3105 708 3170; x_wconf 89' lang='lat' dir='ltr'>tuba</span> <span class='ocrx_word' id='word_1_151' title='bbox 732 3104 885 3169; x_wconf 86' lang='lat' dir='ltr'>cecinisse</span> <span class='ocrx_word' id='word_1_152' title='bbox 902 3107 1053 3193; x_wconf 89' lang='lat' dir='ltr'>querenti</span> 
     </span>
     <span class='ocr_line' id='line_1_26' title="bbox 230 3218 1060 3310; baseline -0.001 -24"><span class='ocrx_word' id='word_1_153' title='bbox 230 3223 358 3302; x_wconf 84' lang='lat' dir='ltr'>Fertur,</span> <span class='ocrx_word' id='word_1_154' title='bbox 374 3236 407 3284; x_wconf 89' lang='lat' dir='ltr'>et</span> <span class='ocrx_word' id='word_1_155' title='bbox 425 3219 592 3307; x_wconf 89' lang='lat' dir='ltr'>exsequias</span> <span class='ocrx_word' id='word_1_156' title='bbox 605 3220 716 3298; x_wconf 90' lang='lat' dir='ltr'>juveni</span> <span class='ocrx_word' id='word_1_157' title='bbox 733 3218 864 3284; x_wconf 88' lang='lat' dir='ltr'>duxisse</span> <span class='ocrx_word' id='word_1_158' title='bbox 879 3237 1060 3310; x_wconf 89' lang='lat' dir='ltr'>perempto.</span> 
     </span>
     <span class='ocr_line' id='line_1_27' title="bbox 230 3332 1113 3403; baseline 0.001 -2"><span class='ocrx_word' id='word_1_159' title='bbox 230 3335 459 3400; x_wconf 88' lang='lat' dir='ltr'>Membrorum</span> <span class='ocrx_word' id='word_1_160' title='bbox 478 3347 635 3398; x_wconf 85' lang='lat' dir='ltr'>extremas</span> <span class='ocrx_word' id='word_1_161' title='bbox 661 3349 694 3397; x_wconf 90' lang='lat' dir='ltr'>et</span> <span class='ocrx_word' id='word_1_162' title='bbox 713 3332 810 3398; x_wconf 88' lang='lat' dir='ltr'>vestis</span> <span class='ocrx_word' id='word_1_163' title='bbox 832 3335 996 3399; x_wconf 87' lang='lat' dir='ltr'>Anaurius</span> <span class='ocrx_word' id='word_1_164' title='bbox 1017 3336 1113 3403; x_wconf 89' lang='lat' dir='ltr'>heros</span> 
     </span>
     <span class='ocr_line' id='line_1_28' title="bbox 232 3446 1058 3540; baseline 0.001 -27"><span class='ocrx_word' id='word_1_165' title='bbox 232 3449 417 3515; x_wconf 86' lang='lat' dir='ltr'>Concidens</span> <span class='ocrx_word' id='word_1_166' title='bbox 435 3464 560 3538; x_wconf 81' lang='lat' dir='ltr'>partes,</span> <span class='ocrx_word' id='word_1_167' title='bbox 582 3463 632 3511; x_wconf 91' lang='lat' dir='ltr'>ter</span> <span class='ocrx_word' id='word_1_168' title='bbox 647 3446 813 3511; x_wconf 88' lang='lat' dir='ltr'>hiantibus</span> <span class='ocrx_word' id='word_1_169' title='bbox 827 3448 937 3512; x_wconf 87' lang='lat' dir='ltr'>oscula</span> <span class='ocrx_word' id='word_1_170' title='bbox 949 3447 1058 3540; x_wconf 90' lang='lat' dir='ltr'>jungit</span> 
     </span>
     <span class='ocr_line' id='line_1_29' title="bbox 232 3559 1083 3650; baseline 0.006 -25"><span class='ocrx_word' id='word_1_171' title='bbox 232 3563 446 3646; x_wconf 86' lang='lat' dir='ltr'>Vulneribus,</span> <span class='ocrx_word' id='word_1_172' title='bbox 463 3559 583 3628; x_wconf 72' lang='lat' dir='ltr'>casdem</span> <span class='ocrx_word' id='word_1_173' title='bbox 602 3577 651 3625; x_wconf 88' lang='lat' dir='ltr'>ter</span> <span class='ocrx_word' id='word_1_174' title='bbox 666 3562 810 3649; x_wconf 89' lang='lat' dir='ltr'>respuit,</span> <span class='ocrx_word' id='word_1_175' title='bbox 827 3563 990 3650; x_wconf 88' lang='lat' dir='ltr'>impiaque</span> <span class='ocrx_word' id='word_1_176' title='bbox 1006 3587 1083 3630; x_wconf 88' lang='lat' dir='ltr'>ausa</span> 
     </span>
     <span class='ocr_line' id='line_1_30' title="bbox 232 3675 1034 3766; baseline 0.001 -25"><span class='ocrx_word' id='word_1_177' title='bbox 232 3678 396 3754; x_wconf 82' lang='lat' dir='ltr'>Devovet,</span> <span class='ocrx_word' id='word_1_178' title='bbox 414 3699 453 3741; x_wconf 89' lang='lat' dir='ltr'>ac</span> <span class='ocrx_word' id='word_1_179' title='bbox 468 3699 555 3741; x_wconf 77' lang='lat' dir='ltr'>saevae</span> <span class='ocrx_word' id='word_1_180' title='bbox 569 3691 618 3740; x_wconf 88' lang='lat' dir='ltr'>ter</span> <span class='ocrx_word' id='word_1_181' title='bbox 634 3675 749 3738; x_wconf 89' lang='lat' dir='ltr'>lustrat</span> <span class='ocrx_word' id='word_1_182' title='bbox 764 3675 905 3766; x_wconf 83' lang='lat' dir='ltr'>imagine</span> <span class='ocrx_word' id='word_1_183' title='bbox 922 3677 1034 3762; x_wconf 83' lang='lat' dir='ltr'>caedis,</span> 
     </span>
    </p>
   </div>
   <div class='ocr_carea' id='block_1_2' title="bbox 232 3789 1160 4111">
    <p class='ocr_par' dir='ltr' id='par_1_2' title="bbox 232 3789 1160 4111">
     <span class='ocr_line' id='line_1_31' title="bbox 232 3789 1160 3883; baseline 0.008 -28"><span class='ocrx_word' id='word_1_184' title='bbox 232 3791 402 3857; x_wconf 84' lang='lat' dir='ltr'>Exstincto</span> <span class='ocrx_word' id='word_1_185' title='bbox 419 3809 602 3879; x_wconf 87' lang='lat' dir='ltr'>terramque</span> <span class='ocrx_word' id='word_1_186' title='bbox 619 3790 742 3870; x_wconf 88' lang='lat' dir='ltr'>levem,</span> <span class='ocrx_word' id='word_1_187' title='bbox 759 3789 983 3881; x_wconf 85' lang='lat' dir='ltr'>placidamque</span> <span class='ocrx_word' id='word_1_188' title='bbox 999 3795 1160 3883; x_wconf 86' lang='lat' dir='ltr'>quietem,</span> 
     </span>
     <span class='ocr_line' id='line_1_32' title="bbox 232 3906 1084 3997; baseline 0.002 -24"><span class='ocrx_word' id='word_1_189' title='bbox 232 3910 465 3997; x_wconf 86' lang='lat' dir='ltr'>Tartareasque</span> <span class='ocrx_word' id='word_1_190' title='bbox 479 3929 591 3988; x_wconf 88' lang='lat' dir='ltr'>canes,</span> <span class='ocrx_word' id='word_1_191' title='bbox 611 3906 723 3970; x_wconf 89' lang='lat' dir='ltr'>mitem</span> <span class='ocrx_word' id='word_1_192' title='bbox 741 3921 773 3969; x_wconf 84' lang='lat' dir='ltr'>et</span> <span class='ocrx_word' id='word_1_193' title='bbox 789 3907 901 3972; x_wconf 87' lang='lat' dir='ltr'>Minoa</span> <span class='ocrx_word' id='word_1_194' title='bbox 918 3925 1084 3996; x_wconf 86' lang='lat' dir='ltr'>precatus,</span> 
     </span>
     <span class='ocr_line' id='line_1_33' title="bbox 232 4020 949 4111; baseline 0.001 -25"><span class='ocrx_word' id='word_1_195' title='bbox 232 4022 355 4111; x_wconf 87' lang='lat' dir='ltr'>Elysias</span> <span class='ocrx_word' id='word_1_196' title='bbox 372 4020 481 4104; x_wconf 88' lang='lat' dir='ltr'>sedes,</span> <span class='ocrx_word' id='word_1_197' title='bbox 501 4039 535 4086; x_wconf 93' lang='lat' dir='ltr'>et</span> <span class='ocrx_word' id='word_1_198' title='bbox 549 4043 677 4088; x_wconf 89' lang='lat' dir='ltr'>amoena</span> <span class='ocrx_word' id='word_1_199' title='bbox 692 4020 793 4084; x_wconf 86' lang='lat' dir='ltr'>vireta</span> <span class='ocrx_word' id='word_1_200' title='bbox 807 4021 949 4109; x_wconf 87' lang='lat' dir='ltr'>piorum.</span> 
     </span>
    </p>
   </div>
   <div class='ocr_carea' id='block_1_3' title="bbox 483 4159 951 4192">
    <p class='ocr_par' dir='ltr' id='par_1_3' title="bbox 483 4159 951 4192">
     <span class='ocr_line' id='line_1_34' title="bbox 483 4159 951 4192; baseline 0.002 -3"><span class='ocrx_word' id='word_1_201' title='bbox 483 4159 951 4192; x_wconf 64' lang='lat'><strong>...--—-—-......</strong></span> 
     </span>
    </p>
   </div>
   <div class='ocr_carea' id='block_1_4' title="bbox 298 4204 1121 4288">
    <p class='ocr_par' dir='ltr' id='par_1_4' title="bbox 298 4204 1121 4288">
     <span class='ocr_line' id='line_1_35' title="bbox 298 4204 1121 4288; baseline 0.005 -20"><span class='ocrx_word' id='word_1_202' title='bbox 298 4204 340 4269; x_wconf 87' lang='lat' dir='ltr'>ll.</span> <span class='ocrx_word' id='word_1_203' title='bbox 1084 4213 1121 4288; x_wconf 69' lang='lat'>¹4</span> 
     </span>
    </p>
   </div>
   <div class='ocr_carea' id='block_1_5' title="bbox 0 0 1516 4676">
    <p class='ocr_par' dir='ltr' id='par_1_5' title="bbox 0 0 1516 4676">
     <span class='ocr_line' id='line_1_36' title="bbox 0 0 1516 4676; baseline 0 0"><span class='ocrx_word' id='word_1_204' title='bbox 0 0 1516 4676; x_wconf 95' lang='lat' dir='ltr'> </span> 
     </span>
    </p>
   </div>
  </div>
 </body>
</html>
