2994 4702
234 345 297 423 334
622 342 923 408 CATALOGUS

233 467 316 531 Nam
335 465 494 550 Eurytion
514 463 637 526 eratlri
653 461 751 545 filius,
771 463 825 528 ille
845 485 923 528 vero
941 465 1086 546 Actoris,
1106 465 1204 530 frater
1230 468 1298 531 Me·

233 573 345 655 noetii3
363 569 428 637 vid.
457 570 565 635 Schol.
593 569 744 658 Apollon.
765 572 796 652 Ι,
825 591 885 658 72,
903 571 1034 635 etinfra
1058 573 1093 636 in
1111 573 1293 658 Eurytiona.

232 680 361 746 Graecos
374 701 451 742 vero
461 677 684 766 patronymica
697 678 740 740 ita
750 675 877 743 flectere
887 693 1001 741 notum
1013 695 1075 762 est3
1090 694 1123 742 ct
1133 679 1177 743 ita
1186 669 1294 746 Tzetz.

232 782 413 864 Chiliadv,
430 787 463 872 p.
477 804 530 869 79,
546 784 693 846 Cteatum
711 799 744 846 et
756 784 928 871 Eurytum,
937 783 1065 848 Actoris
1078 783 1179 864 filios,
1197 801 1293 849 vocat

233 892 404 970 Ᾰκτορίωνας,
421 905 453 951 et
464 889 625 952 Homerus
638 887 799 974 Eurytum
810 890 1007 953 demtionem
1022 905 1132 970 vocat,
1146 889 1238 955 Illud.
1247 891 1292 971 ll,

233 1019 279 1059 rs.
298 995 374 1060 621.

278 1194 500 1275 ADMETUS,
511 1209 707 1258 memoratus
724 1193 1052 1280 Apollonio,Valerio
1071 1157 1206 1278 Flacco,
1229 1198 1297 1285 Hy·v

234 1303 331 1393 gino,
350 1297 570 1388 Apollodoro,
596 1298 747 1386 Orpheo,
765 1314 797 1362 et
813 1297 934 1380 Statio,
953 1299 1058 1365 Theb.
1069 1301 1109 1382 V,
1131 1301 1206 1378 435.
1227 1302 1295 1366 Rex

127 1451 131 1459 ·
234 1408 412 1473 Pherarurn
435 1403 638 1486 notissimos,
664 1419 697 1467 et
719 1402 777 1490 qui
792 1403 900 1468 Jasoni
918 1405 1112 1485 conjrmctus
1130 1407 1295 1496 sanguinis

234 1513 365 1578 vinculo
382 1534 421 1574 ex
436 1507 616 1574 Cretheidis
634 1523 727 1572 erat:
749 1507 833 1572 filius
852 1509 937 1574 enim
954 1509 1116 1591 Pheretis,
1141 1528 1175 1577 et
1194 1533 1297 1604 nepos

234 1617 379 1699 Crethei,
397 1616 441 1680 ita
455 1631 491 1678 ut
504 1631 587 1678 esset
601 1613 752 1701 patruelis
763 1615 898 1680 Jasonis.
911 1615 1012 1679 AEson
1029 1617 1115 1680 enim
1131 1634 1163 1680 et
1176 1617 1297 1681 Pheres

233 1728 346 1789 fratres
366 1720 456 1810 (vide
471 1719 602 1784 Pindari
615 1720 711 1809 Pyth.
721 1719 777 1801 IV,
791 1743 824 1808 p.
842 1719 936 1807 224).
954 1721 1059 1784 Mater
1075 1722 1143 1802 ejus
1155 1721 1296 1808 Pericly·

232 1854 320 1896 necne
333 1827 452 1892 dicitur
463 1826 503 1889 ab
517 1825 663 1913 Hygino,
684 1825 802 1914 Minyae
819 1824 883 1889 filia
905 1830 960 1913 (ut
975 1841 1061 1892 recte
1084 1844 1297 1893 correxerunt

235 1939 295 2003 viri
306 1934 393 2000 docti
404 1938 426 2020 ),
442 1955 481 1995 ex
492 1931 656 1994 Thessalia
668 1947 781 1995 monte
794 1930 1022 1996 Chalcedonio.
1033 1933 1082 1996 Ita
1095 1933 1190 1998 etiarn
1203 1949 1297 1998 vocat

234 2046 342 2108 Treta.
364 2035 501 2104 Chiliad.
518 2036 569 2118 II,
586 2035 647 2117 533
663 2035 722 2100 sed
739 2036 890 2124 Micyllus
906 2059 976 2102 eam
995 2034 1160 2121 Clymenen
1174 2060 1294 2104 vocan-

235 2148 309 2212 dam
326 2167 394 2210 esse
410 2143 528 2222 voluit3
552 2140 592 2204 de
614 2163 678 2228 qua
700 2142 733 2204 in
753 2143 870 2206 iasone
885 2141 1085 2224 videbimus,
1101 2157 1135 2207 et
1149 2143 1296 2231 Iphiclo;

234 2255 327 2321 duxit
345 2273 477 2316 uxorem
489 2248 668 2328 Alcestr'da,
689 2248 782 2312 Peliae
794 2246 910 2329 filiam,
924 2247 1031 2312 Acasti
1047 2271 1211 2332 sororem,
1224 2272 1296 2337 quae

235 2378 312 2426 nota
327 2358 464 2448 pietate,
487 2378 547 2445 pro
562 2354 633 2417 viro
650 2353 731 2418 obiit
745 2353 958 2418 voluntariam
976 2371 1132 2436 mortem,
1157 2372 1194 2419 ut
1209 2371 1298 2444 patet

236 2493 275 2534 ex
291 2466 443 2531 omnibus
456 2462 672 2551 Mythologis,
692 2478 723 2526 et
737 2460 893 2528 Alcestide
907 2461 1015 2525 fabula
1030 2461 1210 2551 Euripidis,
1223 2463 1297 2526 vide

236 2573 343 2650 Barth.
363 2569 404 2634 ad
420 2570 496 2633 Stat.
507 2567 609 2632 Theb.
621 2565 685 2648 vl,
702 2567 784 2647 332;
806 2567 955 2655 Hyginus
971 2591 1067 2648 vero,
1089 2568 1197 2632 fabula
1215 2569 1294 2650 256,

236 2681 297 2770 ipsi
315 2677 369 2743 dat
385 2677 584 2755 Theonoen,
601 2674 767 2738 Thestoris
784 2671 892 2737 filiam.
913 2673 1007 2736 Plura
1021 2673 1065 2750 de⁸
1073 2673 1208 2738 Admeto
1223 2673 1296 2738 ride

237 2783 324 2875 apud
340 2781 554 2847 Mezeriaeum
581 2777 621 2842 ad
640 2777 733 2878 Ovid.
759 2777 859 2864 Epist.
883 2777 1059 2858 OEnones,
1079 2801 1111 2866 p.
1138 2782 1218 2865 4993
1240 2778 1295 2842 sed

236 2917 309 2982 quoe
325 2885 573 2978 Argonauticam
592 2882 830 2971 expeditionem
846 2905 912 2945 non
932 2899 1087 2972 spectant.

282 3125 555 3206 AETHALIDES,
582 3146 703 3188 nomen
726 3122 913 3211 proprium,
930 3123 1004 3187 licet
1019 3124 1156 3189 formam
1184 3126 1299 3191 habeat

237 3233 512 3328 patronymicam,
537 3246 573 3293 ut
602 3229 751 3293 observat
780 3228 971 3293 Scholiastes
996 3230 1178 3319 Apollonii;
1199 3256 1295 3320 quem

238 3343 319 3407 male
333 3337 505 3403 Ethnlr'den
522 3334 707 3423 exprimunt
725 3333 812 3421 apud
828 3335 1005 3424 Hyginum.
1021 3335 1174 3401 Mercurii
1189 3355 1222 3402 et
1235 3340 1299 3402 Eu-

238 3447 401 3538 polemiae,
430 3439 645 3530 Myrmidonis
672 3438 760 3520 filiae,
790 3437 888 3522 filius,
917 3442 1099 3507 Larissaeus.
1129 3445 1297 3532 Orpheus,

237 3577 333 3620 versu
352 3550 425 3630 131,
440 3571 514 3613 curn
528 3548 561 3610 in
579 3546 682 3634 Alope
700 3561 812 3610 natum
830 3569 898 3610 esse
914 3545 1003 3612 dicit.
1016 3548 1208 3637 Apollonius
1222 3574 1299 3615 vero

237 3661 294 3726 lib.
311 3661 341 3743 Ι,
362 3657 420 3738 54,
445 3671 556 3718 natum
586 3649 626 3715 ad
655 3653 873 3741 Amphrysum
903 3651 1037 3718 fluvium
1062 3657 1166 3738 canit,
1197 3680 1299 3746 quum

238 3768 349 3852 Alope
365 3759 563 3826 habitaverit.
591 3757 716 3821 Valerio
736 3775 849 3822 nostro
871 3759 910 3822 ab
929 3775 997 3823 arte
1020 3760 1191 3850 sagittandi
1215 3765 1299 3827 cele·

238 3875 351 3937 hratur
374 3869 429 3933 lib.
459 3866 492 3947 1,
521 3865 600 3945 4363
628 3863 667 3928 ab
695 3864 896 3953 Apollodoro
929 3865 1077 3932 omissus.
1108 3869 1300 3956 Apollonius

239 3978 351 4055 ctiam,
365 3972 428 4037 lib.
445 3972 480 4050 Ι,
506 3969 564 4050 64,
580 3984 620 4032 ut
635 3978 727 4049 κήρυκα
748 3965 927 4054 (Mercurii
944 3970 1032 4034 enim
1053 3969 1119 4035 filio
1135 3987 1222 4036 recte
1237 3974 1301 4039 hoc

241 4103 359 4146 munus
376 4075 520 4141 mandari
540 4074 686 4162 poterat)
709 4073 844 4138 missum
861 4073 901 4138 ab
911 4077 1106 4163 Argonautis
1123 4077 1163 4142 ad
1182 4079 1301 4167 Hypsi-
