3006 4676
463 375 879 457 ARGONAU'HGON,
909 374 995 440 LIB.
1018 373 1059 438 x.
1218 377 1282 459 249

261 509 343 592 Quae
359 530 449 590 mea,
466 529 538 596 quoe
556 531 609 572 me
623 508 727 596 ipsam
742 505 816 572 lidei
830 505 1043 596 imperterrita
1059 493 1171 572 vestras

259 621 400 689 Credere
416 623 560 720 decretji,
578 639 611 689 et
621 623 717 688 fulvis
732 623 924 712 squallentia
938 621 1021 688 villis

261 738 435 830 Tegmina,
453 761 525 828 quae
541 737 653 803 Graias
669 753 776 806 essent
792 737 941 803 ducenda
956 760 1016 826 per
1031 737 1138 802 urbes.
1259 753 1283 793 ⁵⁵

261 851 380 917 Omnia
393 873 497 942 quum
514 851 607 918 vobis
622 849 789 934 dederim,
815 853 862 915 nil
875 849 921 915 mi
934 853 1002 940 ipsa
1018 852 1150 940 reliqui,

260 969 401 1059 Hospitii
414 983 531 1057 praeter
546 967 654 1052 divos,
678 984 712 1032 ct
726 966 846 1034 ioedera
861 967 980 1032 dextrae

260 1086 382 1173 iusque
397 1085 555 1174 piumque
572 1083 672 1170 datae}
687 1091 829 1149 vestrum
846 1082 1011 1148 defendite
1025 1105 1162 1172 eorpus:

261 1200 373 1264 Vestra
387 1222 448 1289 ego
465 1222 556 1281 sum,
575 1214 609 1264 et
624 1215 731 1264 vestro
746 1221 819 1290 pars
833 1222 901 1264 non
915 1197 1050 1288 indigna
1061 1198 1258 1288 triumpho.-

262 1315 331 1378 Cur
347 1311 494 1402 sanguis,
510 1335 569 1377 cur
585 1311 682 1378 corda
701 1312 833 1402 tepenti
848 1335 920 1401 quae
935 1313 1057 1378 robora
1069 1311 1155 1396 vidi,
1259 1331 1285 1370 ⁶·

263 1430 356 1512 Quos
368 1428 514 1512 animos,
531 1430 649 1494 nostris
662 1452 722 1518 pro
736 1427 898 1493 moenibus
910 1430 1039 1519 agmina
1052 1429 1184 1518 quando

262 1543 348 1608 Ense
362 1542 530 1608 metebatis
545 1543 669 1608 Persae?
683 1563 785 1631 quum
800 1543 905 1611 victor
920 1544 1014 1608 lason

262 1659 426 1722 Caesorum
445 1657 635 1723 innumeros
649 1655 788 1747 pedibus
803 1659 938 1723 calcaret
954 1657 1110 1724 acervos?

262 1773 348 1862 Ergo
363 1773 421 1862 qui
440 1795 574 1862 magnos
590 1772 741 1862 potuistis
755 1773 884 1838 vincere
896 1793 1004 1863 reges,

263 1887 399 1952 Vincere
412 1888 592 1977 relliquias,
611 1887 810 1980 fugitivaque
825 1905 927 1953 castra
942 1887 1089 1954 timetis?
1262 1905 1288 1944 ⁶⁵

261 2004 338 2069 Non
354 2019 445 2092 pater
458 2004 519 2068 lros
534 2003 653 2086 mittit,
671 2001 803 2094 fugiunt
817 2005 959 2068 immane
972 2003 1113 2092 parentis

261 2113 533 2206 Barbaricumquc
544 2118 680 2208 jugum,
693 2119 899 2208 violentaque
913 2119 986 2200 jura
1007 2118 1168 2207 tyranni».

305 2232 470 2299 Prociduo
485 2233 531 2298 sic
550 2234 614 2298 fata
630 2254 742 2324 genu;
767 2234 966 2321 quicumque
985 2215 1175 2322 loquentem

262 2348 392 2433 Audiit,
409 2349 495 2414 illam
514 2349 624 2414 animo
642 2349 804 2448 constanti
824 2364 857 2413 et
870 2365 1003 2438 pectore
1015 2347 1110 2413 firmo

262 2463 339 2528 Esse
353 2463 465 2547 jubet3
480 2463 631 2552 quatiunt
644 2463 772 2546 hastas,
788 2483 981 2553 pugnasque
993 2464 1164 2528 lacessunt.
1264 2493 1289 2533 7⁰

304 2579 380 2644 Nos
394 2579 476 2660 ruit,
489 2595 521 2642 et
537 2593 636 2644 terras
649 2601 767 2644 somno
780 2576 944 2643 demulcet
955 2579 1066 2643 inerti:

263 2692 360 2758 Graia
375 2708 484 2758 tamen
499 2694 608 2782 vigilat
625 2693 750 2782 pubes,
770 2710 804 2758 et
818 2710 950 2790 pectore
969 2710 1075 2758 versat

263 2808 402 2892 Omnia,
427 2831 499 2897 quae
521 2807 597 2873 belli
618 2809 748 2873 fortuna
765 2810 888 2874 alterna
907 2809 1060 2874 minatur.

264 2921 376 3006 Qualis
395 2923 592 2988 inexhaustae
610 2945 737 3012 pernox
758 2939 889 3011 operata
912 2921 1066 2987 Min'crvae

262 3035 395 3103 Delletia
414 3036 595 3126 mulierque
616 3037 695 3102 toria
713 3037 881 3127 viduoque
906 3037 1035 3121 cubilis
1262 3057 1286 3108 ⁷⁵

263 3151 402 3242 Pignora
419 3173 517 3240 quarn
536 3151 658 3216 circum
673 3175 749 3217 caro
765 3149 844 3217 ssent
865 3150 946 3216 orba
965 3167 1115 3244 parente,

263 3267 410 3332 Devovet
427 3265 593 3330 adversam
612 3281 751 3350 sortem,
771 3266 971 3356 miserosque
992 3267 1200 3357 hymenoe0s3

261 3381 379 3446 Moeret
399 3381 513 3470 inops,
536 3381 685 3470 lacrymis
706 3398 740 3446 et
758 3382 882 3447 lumina
899 3381 1046 3447 tristibus
1063 3382 1227 3448 hument:

263 3495 316 3562 Sic
333 3496 454 3585 Minyis
471 3495 625 3562 maduere
638 3519 748 3586 gene,
769 3497 816 3563 sic
834 3498 932 3563 corda
949 3497 1062 3564 dolore

263 3613 366 3678 Anxia
384 3612 467 3678 facta
485 3613 590 3704 gravi,
603 3613 780 3703 subitoque
796 3615 974 3680 immortua
991 3637 1077 3680 casu.

307 3727 464 3793 Alcinous
480 3744 613 3810 contra,
635 3728 884 3817 venerandaque
897 3751 972 3820 rege
985 3730 1103 3795 marito

262 3843 378 3925 Arete,
402 3841 482 3907 dum
503 3859 600 3908 nocte
617 3844 708 3908 color
721 3843 864 3908 vanescit
878 3843 920 3908 ab
939 3845 1035 3928 orbe,

263 3957 303 4022 In
322 3957 429 4022 stratis
443 3974 514 4022 tum
537 3957 639 4024 multa
659 3955 757 4022 simul
777 3955 817 4021 de
836 3956 961 4046 virgine
979 3975 1067 4048 rapta

263 4074 467 4140 consuluere
489 4056 576 4157 suis3
597 4073 749 4153 juvenem
768 4075 878 4164 regina
894 4073 1046 4140 maritum
