3002 4680
421 328 562 394 NOVI¹
581 331 828 394 EDITOlllS
859 329 1018 394 NOTAE.
1207 353 1248 416 7r

188 447 285 512 insigne
295 445 467 511 seperstitionis
477 442 574 495 formas
584 459 710 513 aprorum
719 455 830 509 gestant.
842 445 875 492 Id
876 461 924 510 pro
935 443 1023 502 armis,
1033 445 1146 510 umerique
1156 447 1249 495 tuuis:

189 545 296 578 seruator
306 529 361 577 dsoe
370 529 485 577 cultorem
493 527 564 577 etiarn
573 527 635 578 inter
644 528 722 576 hostes
733 538 844 594 proretas.

225 663 260 714 V.
270 662 313 732 95.
321 667 368 713 Ast
375 665 415 712 ubi
426 663 551 713 Sidonicas
561 664 623 714 inter
631 664 706 728 pedes
720 675 803 730 aequat
812 664 930 713 habenas.
939 693 974 703 -
981 686 992 707 ι
1002 663 1088 714 Locus
1102 662 1254 716 obscurissi-

191 765 265 808 rnus,
276 745 304 798 in
314 765 368 816 quo
378 745 534 818 explicando
544 745 622 799 valde
632 743 794 798 desudarunt
804 746 958 819 interpretes
967 783 975 810 ,
985 745 1050 798 nihil
1063 757 1149 798 tamen
1165 748 1252 818 proie-

190 841 290 883 cerunt.
303 830 336 882 Et
345 827 459 902 primurn
471 829 579 900 quidem
587 829 696 882 Heinsio
705 845 745 882 ast
754 833 795 882 ubi
803 849 856 882 non
867 831 928 883 sutis
937 842 996 903 apte
1007 831 1168 902 respondere
1180 831 1253 884 vide-

191 927 234 968 tur
246 917 365 989 sequenti
377 919 456 977 illino,
467 927 625 988 quapropter
638 915 738 968 mavult
753 916 795 970 vel
813 919 888 976 irinc,
903 916 945 968 vel
953 930 1029 984 post,·
1041 915 1156 982 deiude,
1170 935 1253 987 quum

191 1000 306 1064 Strabo,
320 1000 435 1064 ltnvlt,
451 1018 476 1053 o.
486 1003 518 1052 16
528 1037 536 1062 ‚
545 998 655 1054 Sidonos
666 999 851 1053 Bastarnarum
864 1010 967 1070 partem
981 999 1060 1052 luisse
1073 999 1172 1066 tradat,
1183 999 1254 1052 idem

192 1084 233 1136 vir
243 1084 307 1136 olim
321 1083 505 1147 doctissimus,
518 1103 552 1136 ne
564 1083 687 1136 eumdem
700 1083 827 1154 populum
837 1083 958 1136 Valerius
971 1082 1010 1134 bis
1023 1082 1140 1154 posuisse
1151 1083 1254 1136 ridere·

191 1180 235 1220 tur
248 1167 339 1238 (quod
351 1177 438 1220 tamen
451 1165 518 1220 nihil
533 1185 575 1220 me
588 1179 692 1231 movet,
705 1185 788 1239 mutu
802 1167 881 1220 unius
896 1167 982 1239 gentis
994 1168 1084 1240 plures
1096 1167 1215 1220 nationes
1228 1167 1256 1218 in

193 1250 286 1304 emens
301 1250 417 1304 exercitu
427 1249 527 1320 possint
538 1251 658 1304 militiam
672 1253 776 1322 agere),
788 1269 837 1322 pro
849 1253 977 1304 Sidonicas
991 1255 1138 1326 conjecerat
1150 1253 1255 1302 Essedo-

193 1338 277 1396 niras,
289 1346 314 1388 et
325 1336 449 1388 subroce
459 1337 529 1395 inter,
542 1353 639 1387 nomen
651 1334 760 1407 aliquod
772 1335 856 1406 gentis
867 1334 1018 1390 delitescere
1027 1336 1172 1408 suspicatus
1184 1346 1255 1398 erat,

193 1417 282 1489 inquo
291 1415 492 1488 adstipulantem
503 1417 596 1470 habuit
604 1418 793 1472 Burmanuum.
805 1417 872 1471 Mihi
884 1419 962 1490 igittu
972 1460 979 1485 ,
989 1419 1146 1490 presertim,
1156 1439 1182 1472 v.
1193 1419 1256 1490 750,

194 1502 374 1573 comparanti,
396 1501 474 1554 talem
498 1501 627 1554 invenisse
645 1512 750 1572 gentem
775 1501 840 1553 olim
864 1501 993 1565 videbar,
1015 1503 1186 1575 legebamque
1202 1505 1259 1554 Iber

194 1601 242 1654 pro
259 1587 331 1650 inter,
348 1602 427 1655 quam
449 1595 536 1638 tamen
558 1587 736 1656 conjecturam
753 1595 841 1654 postca
862 1603 914 1637 una
934 1584 1019 1638 delevi
1039 1587 1132 1649 litura,
1148 1586 1257 1658 partim,

195 1665 266 1738 quod
279 1667 392 1738 primam
406 1666 532 1738 syllabam
548 1669 575 1719 in
589 1670 664 1718 Iberis
677 1667 777 1738 ubique
790 1679 939 1741 correptam
953 1667 1114 1740 deprehendi
1124 1710 1131 1735 ,
1141 1668 1238 1740 partim
1249 1709 1257 1734 ,

194 1749 266 1822 quod
279 1750 348 1803 Iberi
358 1753 465 1806 seorsim
474 1762 633 1819 occurrunt,
648 1772 673 1806 v.
686 1771 744 1805 rso.
752 1752 857 1816 Variis,
868 1752 964 1825 quibus
978 1753 1122 1807 faciliorem
1133 1754 1192 1807 loco
1202 1773 1260 1806 san·

194 1851 253 1885 sum
266 1832 325 1886 dari
336 1852 411 1904 posse
419 1835 553 1906 opinarer,
566 1835 736 1908 excogitatis,
748 1833 855 1889 tandem
867 1854 921 1888 una
935 1836 1007 1890 litera
1022 1849 1120 1890 mutata
1133 1856 1139 1888 :
1156 1843 1198 1889 Est
1209 1856 1259 1909 pro

195 1921 255 1976 Ast,
270 1916 359 1968 omnia
368 1954 376 1980 ‚
395 1918 433 1968 uti
450 1919 553 1989 jacent,
567 1919 665 1970 servari
680 1937 755 1990 posse
770 1917 881 1971 credidi.
899 1925 944 1972 Est
958 1923 1013 1981 uti,
1028 1920 1047 1972 i.
1062 1940 1084 1974 e.
1099 1920 1260 1989 irinc(halses

195 1993 286 2065 igitur,
298 1993 369 2066 quod
380 2007 529 2066 opponatur
541 2005 576 2072 τῷ
587 1997 654 2049 illino
664 2001 691 2068 ),
701 2000 828 2049 Sidonicas
838 1999 902 2048 inter
905 2002 983 2067 pedes
993 2014 1076 2068 aquas
1085 2003 1195 2052 latenas
1205 2001 1261 2068 (est

196 2077 241 2129 ubi
255 2076 323 2130 inter
332 2077 358 2130 S.
368 2078 485 2132 habenas
500 2077 579 2150 pedes
592 2081 696 2151 aquat)
711 2079 762 2133 hoc
776 2098 868 2134 sensu:
882 2081 939 2153 pari
954 2079 1073 2154 peditum
1088 2082 1260 2154 equitumque

196 2177 306 2213 numero
316 2162 344 2213 in
356 2161 456 2214 bellum
470 2163 574 2216 iverunt
589 2162 709 2217 Sidonos.
720 2169 833 2231 AEqsare
845 2163 937 2218 εοάοω
952 2184 1031 2220 sensu
1045 2179 1084 2219 eat
1097 2165 1184 2229 infra,
1200 2169 1259 2219 160.

197 2245 306 2298 Meliora
314 2264 385 2298 nunc
395 2265 450 2298 uon
458 2247 551 2301 habeo.
564 2279 594 2287 -
606 2247 661 2302 Nec
676 2249 763 2300 minus
777 2247 919 2320 impeditus
934 2262 985 2317 est,
995 2270 1023 2303 v.
1034 2255 1076 2318 96.
1086 2252 1260 2318 Illiacjuratos

196 2348 275 2380 socam
295 2333 369 2381 trahit
386 2333 435 2380 AEa
451 2336 582 2382 Baternos.
602 2331 678 2396 Quid
693 2331 763 2384 enim
774 2330 785 2381 i
797 2335 846 2384 AEa
863 2351 946 2407 quum
962 2331 1121 2385 Colchorum
1144 2331 1190 2395 sit,
1207 2350 1261 2384 non

196 2411 366 2483 Scytharum,
375 2410 409 2465 de
418 2413 513 2484 quibus
523 2413 569 2467 hic
580 2432 682 2478 sermo,
693 2414 784 2467 civitas
798 2452 806 2477 ‚
817 2434 898 2465 secum
909 2415 984 2466 nullo
995 2413 1076 2466 modo
1091 2413 1148 2466 lieri
1158 2425 1261 2485 potest,

197 2493 341 2566 lubensque
354 2493 450 2548 accedo
467 2496 613 2548 auctoritati
628 2496 761 2548 Valesiani
777 2495 876 2550 codicis
892 2493 918 2548 et
933 2495 1055 2549 editionis
1073 2497 1262 2562 Bononiensis,

199 2577 357 2647 legentium:
366 2581 464 2646 juratos
474 2577 512 2630 ΙΝ
525 2579 565 2632 SE
575 2579 666 2651 (quod
680 2577 750 2632 idem
764 2596 816 2631 orso
827 2578 985 2649 exemplaris
998 2579 1038 2633 sui
1051 2577 1191 2656 adscripsit
1200 2580 1261 2633 Rei·

198 2662 319 2731 nesiue),
334 2662 351 2714 i.
364 2680 387 2714 e.
401 2663 520 2728 ἅψει
531 2664 630 2728 AEetes,
639 2662 737 2734 injuria
754 2661 830 2716 fratri
848 2662 935 2724 illata,
949 2661 1052 2725 effecit,
1069 2674 1096 2713 ut
1106 2661 1224 2715 Baternte
1234 2663 1261 2714 iu

199 2763 258 2798 eum
271 2747 453 2818 conjurarent,
463 2757 488 2799 et
497 2744 593 2798 infesta
604 2763 684 2797 manu
693 2744 792 2816 regiam
808 2747 864 2816 ejus
875 2755 1002 2815 peterent.
1015 2743 1143 2797 Eumdem
1156 2763 1262 2798 sensum

200 2828 326 2890 haberes,
336 2828 357 2880 si
374 2829 483 2900 propius
496 2826 529 2880 ad
542 2828 699 2900 scripturam
715 2827 849 2898 vulgatam
868 2827 984 2897 legeres:
998 2829 1044 2876 sibi
1062 2829 1201 2888 contrairi,-
1215 2827 1262 2880 sed

199 2923 225 2964 et
237 2913 288 2964 hoo
301 2911 396 2963 durum
408 2937 429 2962 n.
449 2910 492 2965 sio
503 2912 666 2981 Wagnerus.

234 3000 317 3046 Secum
328 2993 496 3047 manifestum
508 3005 546 3047 est
555 2993 682 3047 mendum
692 3012 699 3058 ;
708 2993 810 3048 codices
820 3011 964 3064 omnesque
972 3005 1032 3045 ante
1042 2993 1195 3045 Carrionem
1206 2993 1263 3046 edi-

200 3079 284 3130 tiones
296 3076 394 3130 habent
407 3081 432 3128 in
447 3099 489 3138 se,
502 3096 582 3150 quam
595 3077 734 3131 lectionem
744 3079 772 3130 iu
783 3089 879 3130 textum
894 3076 1003 3130 restitui.
1019 3083 1131 3128 Batarnoe
1142 3077 1198 3128 sine
1211 3075 1264 3128 du-

200 3163 245 3214 bio
258 3174 318 3214 sunt
331 3169 461 3213 Bascama
472 3163 665 3223 volumina,
678 3163 750 3214 natio
760 3161 898 3214 Germanis
910 3179 940 3212 ao
952 3159 1078 3214 Sarmatis
1088 3159 1263 3226 contermina,

200 3245 295 3318 quibus
305 3283 312 3307 ,
324 3258 353 3297 ut
363 3246 441 3298 reiert
450 3247 555 3298 Tacitus
564 3284 571 3308 ,
580 3245 708 3298 German.
720 3245 825 3312 XLVI,
840 3244 926 3296 mixtis
943 3254 1117 3315 utrorumque
1128 3244 1263 3307 moribus,

201 3329 321 3401 ambigue
335 3328 444 3382 acceffit.
456 3329 527 3382 Vide
544 3340 569 3382 et
585 3329 652 3381 Plin.
671 3329 721 3391 IV,
737 3346 768 3381 12
785 3340 810 3382 et
822 3334 861 3390 ¹4·
876 3327 1061 3380 Bastarnarum
1075 3321 1155 3398 igitur
1167 3345 1264 3380 nomen

200 3414 309 3485 paulum
321 3412 469 3466 immutavit
476 3413 613 3478 Valerius,
625 3413 701 3466 metri
715 3431 811 3475 causa,
825 3409 1047 3482 quemadmodum
1063 3429 1156 3482 supra,
1170 3429 1196 3464 v.
1211 3410 1261 3478 503

201 3495 262 3548 vide
277 3509 332 3548 not.
350 3501 393 3565 49.
411 3497 541 3550 Dissimus
559 3516 589 3549 ex
607 3496 851 3564 Strabone,VIII,
868 3497 936 3561 306,
958 3495 1141 3547 Bastarnarum
1159 3507 1263 3566 gentem

202 3578 229 3630 in
239 3578 327 3650 pluras
337 3579 449 3652 populos
462 3579 575 3634 divisam
589 3580 667 3633 fuisse
679 3583 839 3646 ,Atmonos,
850 3577 977 3640 sidones,
998 3578 1145 3641 Peucinos,
1160 3579 1267 3633 Roxola-

201 3679 257 3713 noa.
274 3661 387 3716 Proinde
404 3665 544 3724 Sidonicas,
561 3683 587 3716 v.
607 3663 654 3731 95,
674 3664 759 3734 potuit
776 3662 828 3715 dici
846 3663 888 3716 rel
903 3661 1025 3733 proprie,
1045 3663 1088 3714 rel
1106 3680 1152 3732 per
1170 3681 1264 3735 synec-

201 3743 306 3798 dochen
330 3764 378 3818 pro
408 3750 588 3807 Bastarnas,-
613 3750 715 3798 iiabenoe
735 3759 796 3801 sunt
818 3765 867 3818 pro
886 3747 1022 3814 equitibus;
1042 3745 1135 3816 hisque
1156 3747 1265 3801 omnino

203 3827 383 3896 verbnpedn
392 3844 477 3896 aquas
487 3833 612 3890 habenas,
627 3828 711 3900 pinxit
720 3829 843 3882 Valerius
852 3829 1015 3882 velocitatem
1027 3827 1132 3880 illorum
1145 3827 1264 3901 peditum

202 3910 352 3980 equitibus,
366 3929 433 3981 quos
450 3913 587 3988 aquabaut
603 3931 702 3974 cursu,
718 3913 936 3965 interminorum.
955 3911 1045 3965 Livius
1064 3911 1101 3966 ait
1121 3912 1154 3965 de
1172 3909 1263 3966 iisdem

204 3996 345 4054 Bastarnis,
366 4013 479 4064 quorum
499 3997 600 4048 auxilio
618 3995 744 4048 adversus
761 3998 894 4049 Romanos
913 4015 975 4048 usus
995 4009 1033 4050 est
1053 3996 1156 4060 Perses,
1175 3995 1264 4048 Mace·

199 4075 305 4130 -douuut
327 4095 391 4139 rex,
407 4079 505 4144 XLIV,
524 4082 573 4131 26:
597 4081 729 4132 vestiebant
747 4084 828 4130 decom
847 4082 922 4132 miliia
943 4083 1067 4146 equitnm,
1087 4097 1133 4150 par
1152 4096 1264 4130 rrrtinerus
