2958 4704
238 397 301 482 396
427 457 429 464 ,
619 405 917 470 caratocus

237 521 369 588 functus
395 525 479 587 inter
502 529 703 616 Argonautas
728 545 934 592 memoratur.
964 528 1132 616 Orpheus,
1157 550 1204 592 vs.
1226 550 1302 614 127,

237 649 313 690 eum
339 626 442 692 filium
459 633 597 718 Ampyci
621 648 654 696 et
678 633 868 720 Aregonidis
894 633 987 713 facit3
1013 633 1069 696 ubi
1095 631 1300 696 Esochenha·

238 732 350 810 chius,
376 756 414 796 ex
440 733 557 799 Graevii
581 739 757 820 sententia,
776 738 934 803 diversam
957 737 999 801 de
1019 738 1215 801 matre-vatis
1235 739 1300 802 Or·

239 835 321 922 phoa
337 839 429 924 sequi
447 841 638 904 sententiam
656 858 757 906 notat.
779 843 841 906 Alii
859 857 1048 906 constanter
1064 841 1215 907 Chlon'da
1230 865 1300 905 ma-

219 1032 226 1046 Ι
239 957 321 1010 trem
332 960 464 1024 vocant,
481 969 554 1032 quae
572 946 697 1012 diversa
711 973 729 1012 a
747 947 905 1029 Clahride,
920 948 1114 1037 Amphionis
1129 964 1163 1012 et
1177 947 1299 1014 Niobes

240 1043 319 1127 filia,
340 1070 436 1134 quam
460 1049 579 1114 Neleus
599 1075 734 1116 uxorem
757 1052 866 1134 duxit,
890 1069 924 1117 et
949 1052 1152 1130 a-Clzlorr'de5
1171 1051 1300 1116 Tiresiae

239 1149 319 1231 filia,
338 1169 375 1216 ut
393 1154 526 1240 quidam
544 1173 679 1220 matrem
697 1158 909 1247 Periclymeni
925 1173 1057 1238 vocant3
1075 1157 1147 1222 vide
1164 1159 1196 1220 in
1214 1157 1301 1222 Peri·

240 1255 391 1342 clymcno.
406 1261 524 1350 Hygia.
539 1262 604 1328 fab.
620 1286 675 1346 so,
693 1280 724 1328 et
736 1264 843 1328 Schol.
858 1264 991 1329 Homeri
1005 1263 1121 1353 Odyss.
1138 1267 1203 1341 Xl,
1221 1264 1301 1343 2803

239 1363 312 1426 vide
329 1365 412 1429 infra
430 1366 463 1430 in
483 1367 590 1434 Nelco.
607 1370 753 1434 Valerius
772 1387 892 1451 noster,
910 1371 965 1435 lib.
978 1371 1011 1452 1,
1031 1393 1077 1434 vs.
1099 1370 1301 1458 383,·Apol-

240 1468 313 1532 linis
326 1468 438 1556 ¹lilium
462 1474 553 1557 facit3
573 1499 648 1539 curn
671 1499 738 1563 quo
760 1477 836 1541 lacit
860 1477 996 1558 Statius,
1016 1476 1118 1542 Theb.
1136 1478 1202 1552 ΠΙ,
1226 1475 1301 1556 5213

241 1575 297 1640 ubi
326 1579 472 1645 Lutatius
497 1581 654 1670 interpres
672 1583 829 1671 Apollinis
854 1599 887 1646 et
911 1581 1070 1650 Himantis
1097 1581 1198 1646 filiurn
1225 1581 1302 1646 dicit

242 1683 355 1766 fuisse,
372 1703 405 1750 et
421 1687 498 1750 hinc
515 1686 645 1774 quidam
665 1688 752 1777 apud
771 1688 865 1754 ovid.
880 1711 919 1753 ex
936 1689 1061 1768 Ponto,
1078 1689 1111 1769 1,
1128 1687 1166 1769 ’4,
1185 1687 1237 1774 37,
1255 1688 1300 1752 le·

242 1808 325 1877 gunt
337 1816 393 1856 nec
409 1793 592 1859 Hrhtantide
605 1810 713 1877 natus,
736 1813 768 1859 et
780 1797 965 1885 intelligunt
978 1795 1136 1885 Mopsum,
1154 1811 1192 1858 ut
1208 1793 1304 1857 docet

242 1895 367 1962 Merula
386 1898 419 1960 in
440 1900 534 1963 notis.
554 1900 617 1964 Sed
636 1901 791 1988 Apollinis
817 1901 900 1966 filius
919 1923 986 1965 non
1009 1899 1071 1962 fuit
1097 1921 1224 1980 revera,
1245 1896 1302 1960 sed

241 2005 400 2089 opinione
423 2023 456 2070 et
475 2023 644 2094 poetarum
660 2007 789 2096 elogiis,
807 2007 863 2094 qui
884 2022 970 2071 rates
984 2004 1140 2094 Apollinis
1159 2003 1238 2067 filios
1256 2003 1303 2066 fa-

243 2109 352 2192 ciunt;
367 2112 455 2176 unde
468 2112 613 2176 Valerius
633 2112 728 2192 dicit,
749 2113 859 2176 Phoebi
858 2109 949 2199 fides
966 2134 1030 2176 non
1047 2133 1138 2174 vana
1147 2110 1302 2198 parentis,

243 2215 357 2297 idest,
373 2239 449 2280 euru
466 2234 535 2281 arte
553 2240 610 2281 sua
628 2234 661 2281 et
675 2218 857 2305 praestantia
872 2215 1067 2280 vaticinandi
1087 2215 1174 2302 vulgi
1191 2236 1302 2276 rumo-

244 2343 312 2383 rem
329 2321 555 2402 confirmasse,
573 2323 667 2409 quasi
682 2323 836 2410 Apollinis
854 2339 936 2386 esset
952 2320 1057 2403 lilius;
1074 2319 1187 2383 eodem
1206 2317 1304 2382 modo

244 2443 283 2489 ut
298 2425 444 2513 Neptuni
459 2444 492 2491 et
508 2429 644 2492 aliorum
662 2428 799 2492 deorum
813 2427 895 2492 filios
911 2426 1051 2492 vidimus
1069 2427 1166 2506 alios,
1187 2425 1245 2511 qui
1262 2441 1306 2487 ta-

245 2553 322 2600 men
343 2555 419 2595 vero
435 2548 524 2620 patre
542 2533 758 2598 censebantur
774 2534 853 2614 ali03
869 2534 912 2596 ita
928 2548 960 2596 et
979 2533 1058 2596 alter
1068 2531 1196 2618 Mopsus
1206 2529 1305 2617 Apol·

248 2637 320 2701 linis
339 2637 424 2701 lilius
440 2637 557 2721 dictus,
572 2661 674 2726 quum
686 2655 769 2703 esset
776 2638 887 2702 Rhacii
899 2654 932 2702 et
939 2637 1088 2717 Mantus;
1104 2635 1157 2700 adi
1169 2636 1303 2700 Pausan.

248 2743 374 2807 Achaic.
394 2743 449 2808 lib.
461 2745 541 2824 Vll,
556 2768 624 2830 cap.
640 2743 676 2825 3,
695 2743 752 2806 ubi
768 2743 842 2807 vide
861 2758 952 2806 notas
965 2742 1108 2822 Kuhnii,
1124 2742 1181 2828 qui
1192 2741 1303 2804 exCo-

246 2849 341 2912 nonis
364 2849 546 2914 narratione
563 2848 657 2912 Vl.id
674 2847 790 2912 firmat.
808 2847 942 2934 Reliqua
961 2845 1001 2910 de
1022 2846 1139 2933 Mopso
1162 2845 1254 2908 obvia
1273 2861 1305 2906 et

247 2972 401 3044 occupata
420 2955 497 3022 aliis.
524 2955 673 3043 Hyginus
687 2977 765 3017 vero
783 2953 871 3016 hunc
887 2952 927 3016 ab
944 2953 1036 3016 initio
1053 2975 1118 3014 non
1138 2950 1305 3014 accessisse

246 3062 442 3150 Argonautis
459 3063 517 3140 ait,
545 3061 602 3125 sed
623 3062 655 3123 in
674 3061 789 3124 itinere
807 3075 880 3147 post
902 3075 1038 3122 mortem
1057 3057 1191 3144 Ampyci
1209 3055 1305 3142 patris

246 3169 288 3232 ad
302 3191 357 3230 eos
373 3190 407 3230 se
424 3167 613 3246 contulisse,
631 3164 748 3228 deinde
763 3165 796 3226 in
811 3162 916 3226 Africa
936 3185 1046 3226 morsu
1063 3161 1220 3248 serpentis
1233 3159 1304 3224 obi·

249 3275 329 3355 isse,
349 3295 451 3360 quum
472 3271 576 3334 caeteri
601 3292 713 3334 omnes
737 3269 833 3332 simul
853 3291 928 3332 cunr
950 3268 1065 3330 iasone
1083 3264 1306 3330 conscendisse

249 3402 379 3458 navem,
396 3394 428 3442 et
444 3401 482 3440 ex
494 3376 655 3440 Thessalia
671 3375 803 3438 ¹soluisse
821 3389 961 3436 narrent.
986 3375 1032 3436 De
1053 3373 1121 3451 ejus
1141 3387 1246 3434 morte
1261 3369 1307 3432 vi·

247 3485 315 3549 deri
332 3499 468 3572 possunt
484 3483 541 3546 viri
559 3481 662 3561 docti,
677 3503 758 3567 qnos
772 3479 837 3558 jam
851 3470 1063 3554 laudavimus,
1082 3494 1114 3542 et
1122 3479 1256 3540 Tzetzes
1266 3473 1306 3538 ad

248 3590 453 3677 Lycophrona.
468 3611 513 3651 vs.
530 3587 604 3651 881.
623 3584 775 3666 Ovidius,
803 3608 879 3648 eum
900 3584 1096 3672 superfuisse
1111 3582 1189 3645 huic
1213 3603 1307 3668 expe·

249 3694 382 3774 ditioni,
410 3710 442 3757 et
463 3693 593 3757 venatui
618 3689 798 3779 Calydonio
821 3713 904 3754 cum·
924 3690 1085 3777 Meleagro
1109 3686 1306 3766 interfuisse,

249 3801 335 3866 canit
347 3801 476 3863 Metam.
491 3798 643 3879 lithll,
659 3799 731 3862 316.
750 3797 917 3885 Apuleius,
934 3796 974 3860 de
987 3795 1049 3859 deo
1062 3795 1216 3872 Socratis,
1230 3814 1306 3854 euru

250 3929 310 3995 pro
327 3904 389 3970 deo
406 3904 547 3984 cultum,
570 3919 602 3966 et
621 3905 654 3965 in
674 3903 775 3965 Africa
791 3901 959 3965 oraculum
982 3899 1132 3963 habuisse
1151 3894 1308 3978 affirmat3

249 4011 322 4078 vide
337 4009 444 4077 llartlr.
460 4009 498 4073 ad
514 4010 592 4073 Stat.
602 4009 705 4072 Theb.
717 4009 784 4089 ΙΙΙ,
803 4005 876 4071 521.
