3006 4676
423 342 833 430 inconsuricon,
864 347 952 413 uns.
976 349 1038 414 tx.
1211 349 1271 414 231

249 471 376 540 Incidat
392 474 427 540 in
442 474 680 542 Circendcnec
693 477 840 569 Pagasaea
857 479 986 558 canna,

250 589 420 656 barbarica
437 592 554 658 Circen
574 593 782 684 Perseasque
796 595 985 684 Hyperione
1006 609 1125 661 naum.

292 705 344 770 Sic
358 705 433 770 visu
448 706 569 796 Minyis
587 707 703 773 tabulas
719 730 871 774 resonare
888 710 1051 798 loquaces.

247 817 440 909 Tyndaride
455 837 604 888 actutum
622 839 778 914 surgunt,
794 840 828 890 et
843 824 989 922 supplice
1005 822 1117 890 dextru
1237 851 1274 880 no

247 935 445 1026 concipiunt
457 937 510 1027 pia
522 937 621 1004 verba
636 937 721 1023 deis,
737 937 877 1030 pistura
891 939 1096 1023 ministrant3

247 1053 307 1116 Ast
322 1052 375 1118 alii
388 1052 504 1119 heroes
518 1053 655 1143 suspiria
672 1071 804 1144 pectore
818 1055 955 1120 ducunt.

289 1165 432 1234 Ulterius
445 1190 584 1258 propere
601 1169 679 1234 velis
701 1169 907 1260 protruditur
923 1172 1031 1260 Argo,

247 1283 360 1346 Donec
375 1281 410 1345 in
425 1279 557 1348 Eridani
573 1282 705 1349 tandem
725 1299 906 1350 transvecta
921 1281 1044 1348 fluenta
1059 1299 1117 1349 est.

245 1396 320 1461 Huc
337 1396 504 1482 Phaeton,
520 1399 621 1464 natilo
638 1421 813 1487 percussus
829 1399 969 1464 fulmine
984 1408 1116 1488 pectus,
1132 1413 1139 1425 '
1236 1415 1272 1456 12⁵

244 1511 460 1578 Semicremus
478 1513 614 1597 cecidit,
630 1514 775 1581 Phoebeo
793 1515 901 1607 lapsus
918 1515 959 1579 ab
975 1536 1055 1596 axe,

245 1627 354 1712 Quem
369 1628 449 1694 rasti
467 1651 582 1718 cepere
599 1630 706 1714 lactas,
722 1645 940 1722 stagnumque
955 1627 1083 1694 Padusa

248 1743 400 1810 Vulneris
414 1743 556 1810 ardentis
572 1747 666 1836 puen'
684 1762 833 1837 correpta
846 1765 984 1835 mpore'3
1006 1755 1008 1762 ’

244 1857 343 1923 Nunc
360 1859 456 1924 etiam
473 1859 625 1948 gravibus
641 1859 796 1954 miscetur
810 1859 966 1925 odoribus
983 1859 1092 1942 unda,

245 1971 340 2038 Unda
355 1973 508 2063 frequens
524 1973 686 2040 nimium:
706 1997 774 2040 non
792 1976 878 2041 hanc
894 1975 1082 2066 pernicibus
1098 1975 1154 2040 alis
1234 1989 1271 2030 1³0

244 2089 416 2170 Transeat,
434 2089 469 2153 in
486 2088 613 2178 liquido
634 2090 773 2155 volitans
790 2112 869 2181 vaga
884 2092 1013 2181 gurgite
1028 2111 1162 2180 pnepes.
1317 2087 1320 2094 ’

243 2203 417 2294 Virgineus
435 2203 555 2270 chorus
573 2205 764 2289 Heliadum,
783 2227 882 2295 super
898 2207 960 2271 alta
978 2205 1127 2270 sedentes

243 2318 391 2383 Extensis
408 2317 492 2384 loliis
511 2317 655 2408 riporum
674 2319 824 2403 brachia,
843 2319 950 2385 fratris
992 2349 998 2403 '.

244 2433 360 2498 Tristia
375 2431 440 2496 lata
462 2451 616 2525 gemunt,
634 2452 835 2526 cognataque
851 2437 966 2499 funera
983 2433 1120 2499 ducunt.

245 2545 344 2611 Gutta
360 2547 539 2636 superciliis
556 2547 672 2612 crebro
688 2548 883 2612 stillantibus
900 2549 966 2613 exit
1231 2566 1268 2605 »³⁵

244 2663 363 2728 Electri
381 2663 416 2726 in
433 2685 594 2754 gemmas,
610 2662 801 2752 Phoeboque
822 2679 935 2729 exusta
953 2663 1071 2728 calenti

246 2777 426 2843 Flumineis
443 2777 573 2844 tandem
594 2793 745 2842 concreta
762 2777 889 2842 nitescit
904 2779 1027 2859 arenis3
1104 2775 1107 2784 Α

245 2893 431 2958 Horrisonis
449 2896 566 2959 Boreas
583 2915 686 2982 quum
701 2893 795 2958 litora
811 2890 940 2957 flatibus
952 2892 1006 2956 illa

242 3011 418 3089 Verberat,
433 3025 466 3080 et
481 3012 580 3100 nigrae
596 3032 699 3098 quum
718 3007 855 3076 fluctuat
872 3007 961 3074 unda
974 3005 1118 3096 paludis,

243 3125 375 3192 Eridani
393 3125 538 3191 subeunt
551 3126 676 3206 latices,
694 3123 872 3190 volvuntur
891 3137 924 3186 et
942 3121 1031 3214 amni
1229 3143 1267 3186 ua

244 3242 360 3306 Frusta
377 3257 503 3323 coacta,
523 3239 618 3306 Notis
635 3239 819 3329 pluviisque
834 3235 979 3302 undante
997 3233 1131 3300 fluento.

244 3356 341 3421 Fama
359 3371 468 3421 tamen
485 3357 590 3446 prisca
604 3370 654 3419 est
667 3354 764 3420 Celtis
779 3351 984 3434 auctoribus,
1005 3350 1073 3415 illas

244 3472 322 3536 Esse
336 3470 390 3536 dei
405 3471 561 3562 lacryms
574 3469 687 3551 Clarii,
712 3466 793 3533 dum
807 3468 915 3557 plorat
929 3466 1118 3555 ademptum

243 3585 404 3674 Lampade
419 3585 575 3651 fulminea
590 3599 719 3665 natum,
732 3581 906 3671 radiosque
920 3605 1089 3648 resumens

244 3699 282 3763 ln
298 3700 453 3790 lacrymas
469 3715 557 3764 totus
574 3697 662 3764 cedit
674 3695 773 3779 deus,
791 3697 931 3786 imputat
943 3697 1020 3784 ipsis
1228 3711 1265 3758 ηε

243 3815 380 3881 Moestus
397 3815 488 3904 equis
506 3817 572 3879 nati
586 3836 692 3897 casus,
706 3829 739 3878 et
756 3811 891 3878 verbere
907 3813 1019 3887 sevit,

245 3930 387 4013 Quando
400 3931 484 3996 ultra
504 3933 637 3995 boream
650 3931 755 4012 venit,
770 3945 964 4015 montesque
980 3927 1117 4010 nivales,
1211 3977 1213 3984 ,

245 4047 285 4111 Et
298 4049 412 4113 caelum
430 4047 540 4136 liquit,
555 4045 720 4136 patrisque
739 4044 895 4110 minantia
909 4041 1007 4108 verba
