3006 4676
442 373 570 441 Novi
604 373 854 441 EDITORIS
884 375 1044 443 NOTAE.
1215 403 1275 446 nar

212 507 325 562 quorum
340 499 493 542 commenta
506 504 589 557 quum
606 505 763 542 enumerare
780 489 889 561 longum
907 501 990 556 eeset,
1004 507 1033 543 ea
1048 479 1138 542 tamen
1150 491 1280 560 alierum,

213 593 272 646 quaa
286 575 371 628 lucem
390 569 535 646 quamdam
548 569 687 626 effundere
702 572 835 626 videntur.
851 575 885 626 Et
898 573 1023 628 Heinsius
1038 573 1143 645 quidem
1157 578 1281 650 conjicit,

213 659 273 710 tel:
293 665 388 726 Perque
401 670 465 708 rates
479 657 615 723 suppleuit
630 660 729 726 Μνῷ,
746 673 771 708 et
787 661 844 709 inde
861 662 1000 728 mage'rtra'sr
1014 657 1073 726 vel,
1090 663 1136 710 Ter
1146 677 1235 728 quater
1244 665 1282 716 lu's

212 746 315 810 supplete
335 761 390 793 von
409 741 482 809 erigit
500 741 545 790 illa
565 743 705 809 magistrae.
722 739 870 796 Withofiua
887 742 1021 812 (lritiselte
1031 746 1148 796 Anmerl.
1161 743 1282 798 Diisaeld.

217 841 294 896 1799,
317 829 352 876 St.
362 823 389 888 5,
410 829 437 876 S.
449 823 519 890 48):
539 827 633 890 Perque
652 838 718 876 rates
737 828 842 892 supplex
855 828 927 876 volat
941 837 966 874 et
978 825 1070 891 premit
1086 825 1128 876 ille
1145 830 1283 896 maputros.

213 909 304 962 liceat
315 921 342 962 et
353 906 420 960 mibi
431 900 567 960 hiriolari.
583 905 655 971 Quid
671 906 694 959 si
708 908 778 978 legra
788 923 796 959 t
810 913 906 976 Perque
920 921 986 959 rates
996 925 1048 958 uua
1063 922 1099 959 est
1111 925 1162 962 vox
1177 911 1284 983 remigia

214 1003 290 1056 aeque
302 991 431 1058 maffirnil
441 988 473 1039 In
486 1004 541 1058 quo
552 985 574 1038 si
585 985 667 1039 falsus
682 1004 759 1051 eum,
771 995 867 1059 πρῶτον
879 983 967 1058 leidae
979 987 1006 1038 in
1018 1004 1050 1038 eo
1063 986 1123 1051 fnit,
1135 999 1164 1041 ut
1176 988 1227 1042 bro
1239 989 1286 1044 tali

214 1075 367 1144 conjectura
379 1083 435 1125 tota
448 1070 532 1124 oratio
542 1069 631 1141 aptius
640 1069 709 1124 necti
721 1088 798 1143 posse
806 1070 943 1125 videretur
954 1069 1146 1144 :Abayrtnnm
1154 1073 1214 1140 285,
1225 1091 1286 1126 ora·

214 1167 289 1208 varst
301 1154 373 1208 viroa
381 1172 389 1218 ;
397 1157 451 1225 jam
461 1171 540 1215 vero,
549 1151 613 1225 quid
628 1153 670 1206 bis
685 1154 808 1224 precibus
820 1153 946 1208 ellectum
959 1166 1041 1218 esset,
1052 1172 1159 1210 nauare
1169 1156 1285 1211 voluisse
1366 1211 1372 1225 ,

215 1246 318 1306 poetam
330 1237 454 1307 opinatus
464 1251 533 1286 sum.
547 1231 670 1287 offendit
681 1232 811 1304 inprimis
826 1237 852 1289 rb
866 1237 970 1302 snppue
979 1234 1015 1286 ob
1027 1233 1178 1305 precedens
1193 1256 1268 1288 oraru
1275 1258 1286 1298 ,-

214 1321 310 1392 rejecta
323 1319 404 1390 igitur
413 1318 485 1370 litera
496 1335 575 1388 sque
586 1317 685 1370 librarii
700 1316 800 1370 incuria
819 1335 853 1370 ex
865 1331 926 1368 ratu
937 1317 1056 1388 sequenti
1071 1317 1130 1369 voci
1144 1317 1286 1374 adhaesisse

217 1401 363 1464 ridebatur,
383 1401 515 1455 habebam
538 1405 640 1469 upplun,
657 1391 729 1453 uirde
751 1400 836 1454 facilis
853 1399 977 1454 transitur
994 1398 1029 1452 ad
1049 1421 1099 1452 una
1117 1416 1166 1464 est,
1178 1414 1227 1457 etc.
1242 1403 1287 1458 Sic

216 1485 308 1548 etiam,
318 1485 354 1538 ita
367 1484 509 1558 putabam,
521 1503 582 1537 cum
598 1503 622 1535 r.
640 1483 690 1553 ²⁸7
706 1483 790 1536 oratio
809 1482 903 1536 meliue
922 1482 1055 1555 cohaeret:
1076 1483 1205 1556 Absyrtus
1227 1498 1287 1540 orat

215 1569 298 1623 viros:
313 1588 367 1623 una
378 1570 523 1640 eademque
532 1586 583 1620 vox
592 1567 747 1640 obsequiosa
756 1578 795 1620 eat
803 1565 921 1628 omnium
932 1606 940 1631 ,
953 1585 1001 1620 nec
1011 1585 1076 1622 voca
1085 1578 1189 1622 tantum
1197 1588 1287 1640 prom-

216 1651 376 1724 ptitudinem
389 1651 525 1705 declarant
536 1688 543 1713 ‚
553 1649 600 1702 sed
615 1669 710 1704 manus
724 1651 810 1704 atatim
827 1647 972 1704 admovent
985 1651 1078 1723 operi,
1092 1654 1232 1720 intorquent
1245 1673 1287 1705 un·

216 1738 284 1795 dam,
298 1746 346 1788 etc.
359 1733 550 1788 consulueram
563 1745 588 1786 et
602 1733 635 1786 ul.
649 1737 762 1801 Ruperti,
776 1733 838 1805 qui,
849 1733 976 1806 qnoniam
990 1735 1137 1788 Burmanni
1150 1735 1233 1790 codex
1244 1737 1288 1791 ha·

217 1815 261 1870 bet
276 1821 372 1870 uexilla
390 1821 531 1885 magistrun,
547 1815 585 1868 ita
604 1817 694 1869 forsan
711 1816 853 1889 legendum
870 1818 1016 1872 existimat:
1034 1825 1129 1887 Perque
1143 1823 1203 1872 ratic
1219 1837 1288 1890 urget

217 1901 337 1970 (excitat,
346 1901 446 1968 incitat)
456 1919 546 1962 remor,
558 1900 585 1954 h.
596 1920 618 1954 e.
625 1901 738 1972 remiges
747 1938 755 1965 ,
765 1921 820 1953 uox
830 1905 885 1952 alta
894 1904 1017 1970 magistri,
1028 1920 1079 1954 vox
1090 1901 1159 1955 clara
1169 1903 1288 1958 hortato-

217 1981 254 2034 ris
265 1980 408 2054 remigum,
419 1987 558 2036 menetai.
573 1979 662 2044 Quam
675 1978 901 2046 emendationem,
911 1977 1010 2034 codicia
1023 1979 1121 2052 quippe
1134 1984 1290 2036 auctoritate

216 2057 358 2130 firmatam,
367 2083 431 2118 meu
441 2061 635 2136 preferendam
645 2082 700 2117 ease
712 2074 804 2133 sponte
816 2063 965 2135 lubensque
978 2065 1069 2117 luteor-
1079 2065 1289 2138 u-SicWagne-

217 2167 270 2201 rus.
281 2149 329 2202 Hie
336 2146 466 2202 addemus
474 2149 656 2219 conjecturam
664 2146 779 2218 Adolphi
791 2151 891 2198 Dureau
901 2149 932 2198 de
943 2151 1055 2200 Lamalle
1062 2147 1100 2202 sio
1109 2148 1289 2205 emendantia:

219 2236 312 2300 Perque
324 2236 385 2284 ratis
398 2237 501 2301 supplex
511 2246 603 2283 remeat
612 2251 666 2284 voa
679 2235 723 2283 illa
736 2233 874 2300 magunum

254 2393 289 2445 V.
301 2393 362 2462 307.
383 2396 441 2444 Non
460 2411 511 2443 urta
532 2394 623 2458 Minyoe
634 2392 772 2461 formidine
790 2403 900 2459 surgunt.
912 2420 945 2429 -
960 2395 1017 2442 Non
1035 2409 1086 2444 una
1098 2391 1162 2446 Pius
1179 2392 1306 2465 explicat

221 2479 346 2529 communi
352 2514 360 2537 ,
373 2475 541 2528 burmannus
550 2479 634 2526 uana.

255 2621 364 2678 Mn.
377 2624 469 2674 Atelli
484 2641 540 2690 qua
557 2627 673 2674 scelerum
683 2624 780 2690 facies,
793 2625 895 2683 Medea,
912 2631 1033 2674 neotum?
1048 2653 1084 2662 -
1099 2623 1214 2695 Insignis
1231 2643 1292 2698 epo

221 2706 344 2778 strophe,
356 2705 454 2759 affectu
466 2705 562 2776 plena,
575 2717 601 2758 et
614 2703 709 2777 grandi
722 2723 828 2758 morum
842 2703 1002 2758 documento
1015 2705 1175 2776 perusinia.

256 2861 290 2914 V.
302 2860 365 2930 319.
379 2863 457 2914 llaud
466 2864 525 2913 sinit
537 2875 649 2912 extrema
662 2864 760 2928 Minyas
770 2863 898 2910 decernere
902 2879 1004 2928 pugna,

380 2949 433 2996 Nec
444 2952 544 2996 numeru
556 2947 674 3013 quoniam
688 2945 790 3005 Golclris,
802 2962 847 2994 nee
852 2947 984 3012 puppibus,
1000 2963 1093 3030 aequos.

222 3095 237 3117 α
247 3068 321 3124 latud
337 3072 466 3136 quonum,
483 3069 570 3141 inquit
583 3068 756 3142 Wagnerus,
769 3067 858 3122 locum
874 3069 973 3122 habere
991 3088 1045 3122 non
1061 3080 1163 3141 potest,
1180 3083 1229 3124 nec
1245 3091 1294 3144 pm

222 3173 320 3222 nempe,
339 3155 454 3204 nimirum
471 3153 591 3225 posuisse
610 3151 759 3207 censendus
778 3165 816 3205 est
829 3152 960 3206 Valerius.
980 3151 1076 3208 Aldina
1096 3153 1176 3207 babet
1194 3175 1294 3209 cernens

224 3241 332 3298 Colchis,
352 3235 427 3309 quod
444 3235 479 3290 ad
501 3255 607 3290 sensum
627 3238 726 3310 optime
747 3236 878 3308 quadrat,
900 3237 952 3290 boc
972 3248 1061 3291 tamen
1085 3239 1167 3292 babet
1190 3239 1291 3294 incom-

222 3321 308 3388 modi,
323 3320 396 3394 quod
410 3321 543 3375 versiculo
555 3321 674 3394 proxime
689 3319 862 3375 antecedente
876 3325 1018 3383 decernere,
1035 3322 1156 3394 proxime
1175 3326 1295 3396 sequenti

223 3410 464 3460 cernitoccurrnnt.
483 3405 575 3458 Malim
596 3405 675 3479 igitur
692 3405 844 3458 Burmauno
864 3402 1005 3466 accedere,
1028 3405 1076 3478 qui
1093 3426 1176 3474 oeques
1199 3407 1297 3462 mutari

220 3491 295 3564 jubet
303 3491 333 3544 iu
342 3494 408 3558 aqui
413 3530 420 3551 ,
432 3490 475 3544 oui
486 3490 508 3545 ei
518 3491 698 3561 obtemperes,
709 3487 818 3542 retineri
829 3491 948 3558 quoniam
958 3500 1053 3561 potest.
1069 3489 1197 3544 Fortassis
1209 3492 1297 3563 legere

223 3573 301 3627 etium
316 3591 397 3644 queas
408 3577 523 3642 jamjam.
534 3573 727 3626 *Burmanni
740 3585 831 3625 notam
849 3573 877 3626 in
891 3574 1056 3628 contrarium
1070 3593 1178 3628 aeneum
1188 3574 1298 3629 detorsit

224 3657 401 3730 Wagnerue:
415 3657 453 3710 nil
467 3657 539 3711 enim
554 3654 713 3715 mutandum
726 3667 816 3710 censet
827 3656 1012 3723 Burmannus,
1025 3669 1168 3730 monaque
1181 3658 1295 3714 similem

223 3741 366 3815 alibiaeape
376 3759 517 3796 occumere
525 3739 755 3795 constructionem.

258 3887 294 3940 V.
305 3885 366 3941 32⁵.
380 3891 459 3954 Inque
468 3905 542 3937 uuum
547 3889 644 3953 pariter
654 3903 723 3934 mare
730 3887 844 3951 protinus
857 3903 939 3936 omnes
947 3887 1039 3953 Infieto
1052 3889 1160 3936 clamore
1170 3903 1251 3940 ruunt.
1261 3919 1295 3930 -·

223 3965 362 4041 Adolphus
373 3975 473 4020 Dureau
486 3972 517 4020 de
531 3972 655 4028 Lamalle,
666 3966 761 4020 omisca
777 3967 900 4020 Vaticani
919 3967 1020 4020 codicis
1040 3969 1174 4023 mentione
1191 3972 1237 4042 qui
1256 3985 1295 4024 ta-

223 4072 285 4108 men
299 4073 374 4105 unum
387 4065 414 4106 et
425 4052 482 4124 ipae
493 4053 613 4126 praefert,
629 4061 719 4112 notat,
733 4063 858 4104 monente
873 4049 995 4117 Heinsio,
1009 4052 1148 4105 lectionem
1164 4053 1232 4106 banc
1247 4055 1296 4108 niti

224 4135 317 4192 codice
322 4135 592 4208 Regimdeolaratque
602 4137 654 4190 hnc
663 4136 785 4200 nomine,
794 4133 925 4200 Matthias,
935 4134 1005 4205 regia
1013 4135 1166 4206 ilungariu,
1176 4137 1295 4194 codicem
