3002 4680
224 369 268 442 ‹lo
532 361 788 426 evaneat!
818 361 988 426 FLACCl

269 497 363 580 Tela,
377 494 434 560 sed
446 494 618 584 implicitos
631 495 811 584 miseraque
823 495 858 558 in
870 509 962 583 peste
974 492 1134 559 revinctos

271 608 491 691 Confodiunt3
503 631 540 674 ac
552 609 657 677 forma
670 609 758 674 necis
771 631 838 674 non
852 609 950 674 altera
961 610 1084 698 surgit,

272 725 379 808 Quam
392 745 504 787 cervos
517 722 574 787 ubi
588 745 656 788 non
669 723 796 788 Umbro
811 739 945 788 venator
958 721 1066 806 edaci,
1256 747 1296 790 aa>

269 839 345 904 Non
358 837 575 927 pestrepent,
587 824 746 906 hoeientes
758 838 816 904 sed
827 837 982 904 cornibus
995 839 1066 904 altis

270 958 415 1041 Invenit,
431 974 465 1023 et
476 979 558 1022 caeca
571 957 761 1023 constrictos
774 958 892 1054 excipit
906 958 964 1023 ira.

270 1077 345 1163 lpse
356 1071 535 1138 recollectis
548 1071 653 1136 audax
665 1072 872 1137 Ariasmenus
886 1073 982 1138 armis

269 1187 400 1268 Desilit,
416 1186 508 1252 illum
524 1188 606 1252 acies
623 1209 727 1252 curvae
741 1203 828 1252 secat
839 1187 987 1276 undique
999 1188 1105 1268 salcis,

269 1291 477 1391 Partiturque
487 1303 585 1380 rotis,
602 1318 700 1392 atque
713 1303 790 1368 inde
803 1303 943 1369 furentia
954 1320 1065 1394 raptus
1255 1325 1296 1371 ue

268 1421 308 1484 ln
320 1398 413 1509 jugati
428 1417 564 1484 Circaeos
577 1420 683 1510 tetigit
695 1443 763 1485 non
775 1420 913 1511 amplius
925 1441 1030 1512 agros.

313 1535 401 1600 'l'olia
418 1535 565 1600 certatim
581 1535 700 1625 Minyae
717 1536 883 1625 sparsique
898 1537 998 1626 Cytaei

268 1641 397 1716 Funera
409 1649 588 1716 miscebant
599 1651 739 1740 campis,
752 1651 983 1744 Scythiamque
996 1649 1204 1740 premebant,

255 1860 310 1908 aar.
321 1854 376 1900 Nou
387 1853 473 1914 piane.
484 1851 560 1897 Vatie.
579 1849 633 1896 cod.
648 1852 713 1897 lunt.
727 1852 812 1898 rano.
828 1851 882 1898 ald.
898 1853 996 1914 lingent.
1014 1853 1066 1898 Non
1080 1851 1185 1913 pruinas.
1203 1849 1293 1894 eonon

225 1931 279 1978 cod.
292 1941 316 1978 at
329 1931 420 1981 Boron.
431 1931 451 1976 1.
466 1933 520 1980 Noa
529 1931 614 1992 pinnas.
625 1931 715 1978 eoum.
728 1931 759 1978 ll.
768 1956 799 1966 —
809 1937 863 1986 tna.
875 1933 966 1994 Accipit
977 1933 1021 1978 ira.
1033 1931 1110 1978 Vatis.
1119 1931 1210 1976 Boron.
1220 1925 1291 1974 codd.

225 2015 314 2058 Boron.
329 2009 340 2058 Ι
356 2019 381 2057 et
394 2009 426 2054 ll.
441 2010 507 2056 lant.
520 2009 606 2056 Manen
620 2009 684 2056 Carr.
697 2010 797 2071 Excipit.
812 2011 864 2055 lam
879 2009 945 2066 rias,
963 2009 1016 2058 Ald.
1026 2009 1126 2071 &gerat
1136 2007 1179 2054 En.

227 2209 237 2274 (
251 2204 384 2276 epitheton
404 2223 518 2270 ornans,
540 2223 602 2256 nana
623 2205 738 2258 venatici
781 2203 889 2257 videant
899 2203 942 2255 vel
955 2201 1079 2266 audiant,
1092 2203 1236 2254 constrictos
1247 2222 1294 2254 ee·

227 2301 319 2337 omnes
333 2281 441 2344 edaces,
451 2294 578 2346 necerat,
592 2301 639 2335 cur
648 2281 738 2336 mallet
782 2286 849 2352 cipit,
862 2281 1000 2355 opprimit.

226 2362 337 2416 Vossius
346 2364 498 2430 sagaces),
511 2381 562 2414 nou
572 2381 657 2428 penna
667 2363 735 2430 peta't.
818 2363 880 2428 423.
896 2363 1056 2414 Ariasmenus
1079 2361 1116 2414 ita
1133 2365 1295 2423 ostoradus,

226 2447 335 2494 Pernam
359 2439 482 2513 intelligit
502 2441 668 2494 Burmannus
699 2453 738 2495 te·
784 2453 829 2505 ut,
849 2445 981 2494 recollectis
994 2443 1085 2502 amris,
1101 2460 1133 2494 ex
1149 2441 1199 2494 hac
1215 2459 1297 2518 equo·

226 2521 282 2574 lum
294 2558 302 2584 ,
316 2519 449 2591 sagittam.
458 2519 560 2585 Quidni
574 2539 637 2574 vero
651 2519 685 2574 de
695 2520 738 2573 su·
782 2533 875 2574 rumet
885 2537 1012 2574 currum
1024 2520 1099 2574 turha
1110 2539 1138 2574 se
1146 2521 1225 2574 vellet
1233 2539 1295 2592 pro-

226 2599 317 2653 niculo
325 2597 408 2663 ,linea
417 2599 530 2672 ,plumis
537 2598 634 2655 intenta
641 2637 649 2666 ‚
657 2618 739 2677 quam
782 2599 868 2673 ripere
876 2641 884 2668 ,
892 2604 1012 2653 sedecias
1022 2601 1185 2670 ewvoesolcis
1194 2639 1202 2662 ‚
1216 2600 1298 2654 {aloes

219 2679 565 2751 semidinmppellahant
582 2693 737 2743 venatores,
782 2691 883 2746 acuta,
900 2696 987 2733 secant
1008 2684 1130 2748 undique,
1146 2683 1296 2748 partium-

226 2775 333 2830 quaque
347 2759 418 2812 cervi
436 2759 521 2814 territi
533 2759 561 2812 iu
574 2761 639 2816 retia
654 2779 737 2833 agun-
782 2781 829 2828 qaae
840 2765 913 2823 roe's,
927 2761 1064 2824 curribus,
1082 2771 1113 2812 ut
1130 2769 1212 2831 caput
1227 2759 1296 2812 forte

226 2837 287 2890 tur?
302 2837 374 2891 conl.
387 2838 465 2894 Ovid.
476 2839 584 2894 Metam.
594 2839 657 2906 XV,
671 2841 736 2911 475:
782 2841 896 2906 abhoc,
914 2840 1025 2895 brachia
1041 2841 1075 2894 ab
1091 2839 1156 2903 illo,
1172 2837 1256 2912 pedes
1277 2855 1294 2892 a

222 2921 307 2986 pineis
316 2919 441 2973 includere
450 2940 550 2982 cervom
560 2919 631 2991 Virg.
640 2919 738 2992 Geor-g.
781 2921 859 2974 tertio
870 2941 950 2976 curru
961 2921 1152 2993 exciperentur.

226 2997 268 3050 III
275 3037 283 3064 ‚
295 2997 363 3068 372,
376 2997 404 3052 in
415 3000 508 3072 primia
518 3001 581 3053 AEn.
593 3001 663 3066 XII,
674 3001 737 3072 760.
817 3003 879 3064 425.
889 3007 972 3069 Aeque
984 3002 1160 3069 indeficentia
1170 3012 1254 3066 raptu
1263 3002 1295 3048 In

262 3083 323 3140 dat.
341 3083 465 3132 Haerentes
485 3084 532 3132 sed
548 3083 660 3134 cornibus
679 3083 737 3132 altis
775 3083 857 3149 lisga,
881 3083 986 3131 (lrcoeos
1008 3081 1086 3145 uage
1112 3097 1162 3129 non
1191 3078 1294 3144 amplius

226 3161 335 3217 Invenit,
354 3171 377 3208 et
398 3177 466 3210 caea
487 3162 627 3210 constrictos
648 3161 740 3226 excipit
781 3177 870 3226 agros,
886 3175 941 3210 non
955 3156 1034 3210 rediit
1046 3153 1212 3226 inpraeIIutn.
1232 3153 1295 3208 Hoc

225 3241 272 3288 im,
283 3235 317 3286 Et
325 3235 369 3287 hic
378 3236 520 3306 impetrare
530 3254 546 3288 a
556 3255 599 3288 me
610 3255 664 3290 non
675 3255 737 3307 pos·
782 3235 927 3290 admodum
936 3234 1053 3288 elumbia
1064 3246 1089 3286 et
1101 3231 1205 3304 frigida.

226 3333 302 3378 eum,
317 3313 470 3367 Burmanno
485 3325 515 3366 ut
532 3313 676 3379 accedam,
690 3315 738 3386 qui
818 3322 879 3385 4²7·
889 3315 986 3386 Pugnis
998 3314 1123 3387 gravibus
1136 3331 1192 3366 non
1202 3325 1256 3366 tom
1265 3311 1296 3364 fl-

226 3397 454 3454 terentem-vo·
463 3393 738 3446 arheramramisim·
781 3412 843 3448 nem
852 3393 1154 3466 hie¹facitpoeta‚quam
1163 3385 1301 3456 inducias,'

226 3470 346 3544 plicitoa,
363 3483 390 3525 et
401 3492 494 3524 comm
504 3475 568 3525 iram
583 3472 618 3526 de
635 3473 737 3544 impetn
782 3492 846 3528 nam
857 3474 948 3546 paullo
963 3485 1022 3545 poet
1034 3473 1210 3546 redintegrato
1224 3471 1295 3526 vide-

226 3550 532 3619 venatoriaexoecnlto,
547 3553 597 3625 qui
607 3571 687 3606 cervo
697 3553 738 3604 in·
782 3553 868 3608 bimus
885 3553 1040 3608 certamina.
1058 3555 1118 3608 Jam
1135 3553 1244 3607 veroin
1261 3571 1294 3606 eo

225 3631 446 3702 exspectarunt,
456 3631 577 3705 explicat.
585 3633 641 3706 Ego
650 3643 739 3686 autem
782 3645 822 3686 est
830 3671 838 3697 ,
847 3645 878 3685 ut
885 3634 1019 3686 lunonem
1029 3632 1102 3686 aaut
1111 3632 1230 3686 animum
1240 3633 1294 3686 lde·

226 3709 360 3764 Valerium
377 3723 444 3784 puto
458 3714 586 3786 cogitasse
602 3707 636 3767 de
655 3713 740 3768 cervia
783 3711 840 3767 desa
849 3713 953 3766 Jaaouis
961 3731 1051 3765 amore
1060 3713 1232 3766 imbuentem.
1243 3717 1291 3764 Ta·

227 3788 336 3842 libidine
344 3791 741 3857 numerosum-erundum·
785 3795 819 3844 lia
840 3797 947 3846 cerream
969 3794 1127 3864 hgoaautae
1153 3807 1178 3845 et
1203 3795 1292 3858 (μιαί,

226 3885 279 3940 que
295 3865 330 3922 de
340 3868 451 3937 lentina,
467 3890 535 3944 quoa
551 3871 605 3925 anis
619 3873 737 3944 ipsorum
780 3873 890 3936 Colchi,
918 3876 1053 3926 miscebant
1069 3873 1181 3940 sanna,
1213 3869 1291 3943 quid·

226 3949 351 4002 cornibus
368 3949 510 4022 implicitos
532 3961 642 4006 venator
661 3953 736 4007 inve·
779 3951 845 4024 quid
868 3949 984 4007 hosticam
1010 3963 1180 4015 occurreret,
1206 3949 1292 4003 wde-

227 4029 281 4090 nit‚
294 4040 321 4080 et
332 4049 401 4080 σασα
414 4032 465 4090 r'ra,
480 4031 585 4096 furore,
599 4033 645 4105 qui
658 4031 735 4097 facit,
779 4032 862 4100 hant,
882 4052 955 4100 quam
971 4037 1037 4085 luno
1055 4033 1143 4100 ragin
1157 4032 1200 4097 (v.
1217 4031 1292 4100 430)

228 4119 256 4163 ut
265 4107 331 4160 nihil
340 4125 450 4176 eornm,
462 4111 602 4180 quecircs
613 4111 734 4174 aeiiunt,
779 4113 868 4166 Jasoni
882 4132 930 4168 suo
943 4113 982 4166 his
995 4112 1117 4166 omnibus
1130 4129 1179 4166 nec
1193 4111 1290 4175 vellus,
