3022 4678
220 342 280 384 roo
522 313 778 380 C.‘VALER11
808 313 979 378 FLACCI

257 449 363 536 Seque
381 445 479 510 miser
495 467 537 512 ue
554 465 649 533 posse
665 459 781 532 putet:
801 442 1030 530 perstrinxerat
1046 442 1165 510 horror

260 564 375 651 Ipsum
391 559 487 625 etiam
500 611 508 642 ,
523 573 557 622 et
572 575 687 626 moesta
702 556 806 624 stabat
822 553 946 620 defixus
964 555 998 620 in
1014 555 1079 636 ira,

258 677 334 742 Nou
351 675 395 740 ita
411 674 601 762 Tyrrhenus
618 687 727 760 stupet
744 671 922 758 Ioniusque
938 672 1099 760 magister,

259 793 324 874 Qui
342 805 475 879 portus,
493 787 661 866 Tiberine,
679 801 770 866 tuos,
787 785 972 870 claramque
991 805 1105 850 serena

256 911 340 972 Arce
355 906 484 970 Pharon
503 923 644 990 praeceps
661 900 762 964 subiit
778 921 961 988 :nusquam
979 899 1073 982 ostia,
1083 923 1243 988 nusquam
1259 923 1284 961 n

191 1059 194 1064 ι
257 1021 434 1094 Ausoniam
446 1015 550 1092 videt,
566 1031 600 1080 et
616 1036 712 1080 saeres
727 1012 879 1082 accedere
892 1013 1012 1101 Syrtes.

258 1136 343 1199 Tum
360 1149 485 1213 tamen,
508 1130 643 1198 infando
663 1151 734 1218 quoe
750 1127 806 1195 det
823 1151 978 1218 responsa
994 1147 1151 1218 tyranno,

260 1247 407 1336 Colligit,
424 1259 457 1310 et
474 1243 605 1308 tandem
625 1243 745 1308 obtutu
763 1243 931 1330 consurgit
946 1243 987 1308 eb
1007 1243 1091 1308 ulto:

301 1361 416 1441 «Non,
431 1359 492 1436 ait,
509 1358 570 1424 hos
587 1355 728 1438 reditus,
745 1379 812 1422 non
831 1355 934 1438 hanc,
949 1355 1060 1439 AEete,
1079 1356 1195 1424 dedisti

258 1477 356 1564 Spem
374 1474 508 1562 Minyis,
524 1494 628 1560 quum
645 1471 749 1559 prinie
767 1470 831 1534 tuis
848 1493 907 1559 pro
925 1471 1087 1536 moenibus
1104 1495 1194 1539 arma
1260 1505 1285 1542 φ

259 1588 450 1669 luduimus3
465 1610 533 1675 quo
549 1606 639 1654 versa
657 1583 754 1668 fides,
771 1607 854 1671 quos
869 1601 973 1650 restra
991 1585 1139 1652 volutant

257 1707 348 1769 Jussa
363 1701 477 1767 dolos?
497 1701 596 1768 aliurn
613 1700 666 1766 hio
682 1700 809 1781 Pelian,
825 1699 885 1766 alia
900 1722 1030 1788 oequoru
1044 1723 1153 1767 cerno.

246 1903 285 1950 83.
302 1903 381 1948 tonus
396 1896 593 1958 magitudine.
605 1897 658 1943 eod.
674 1897 716 1944 ted
730 1897 814 1943 ultime
825 1898 914 1956 syllubr
928 1907 962 1944 ter
972 1914 986 1944 ι
997 1913 1068 1944 mnu
1084 1898 1186 1945 seeundo
1197 1898 1284 1946 additu.

216 1987 294 2032 Ionius
304 1983 379 2044 magis
393 1979 447 2025 auo.
464 1981 554 2024 Bonon.
569 1977 622 2023 cod.
640 1982 717 2040 Stupet
733 1981 807 2041 maffllr
823 1981 903 2025 Ioniur
919 1979 976 2025 alto.
991 1981 1082 2026 Bouou.
1094 1981 1114 2026 1.
1127 1983 1207 2027 Ianus.
1219 1983 1285 2026 lunt.

214 2068 300 2112 Nautes
314 2059 465 2124 supernato
481 2057 537 2103 alu.
550 2059 641 2104 Boron.
659 2059 689 2103 ll.
710 2060 933 2122 maecenatesque
949 2060 1063 2120 magister.
1079 2059 1144 2105 Vitio
1160 2075 1286 2121 operarum

217 2143 269 2190 llo.
284 2157 328 2203 pro
339 2141 463 2200 Ioniusque
473 2138 587 2197 magum,
602 2145 625 2184 tt
636 2136 671 2184 tio
685 2139 735 2199 jtm
746 2138 846 2199 lingent.
861 2163 892 2173 -
906 2137 944 2190 tt.
963 2139 1008 2196 Qui
1012 2137 1067 2199 jam
1081 2149 1103 2184 te
1118 2139 1220 2186 Liberine
1230 2149 1286 2185 tues·

216 2221 292 2270 Vrtio.
304 2219 357 2266 eod.
372 2216 524 2279 Quijantu,
542 2215 651 2277 ulytaee,
664 2226 749 2264 eruens.¹
761 2219 851 2262 Borion.
865 2215 919 2262 eoo
939 2217 984 2275 Qui
1001 2227 1023 2262 te
1032 2215 1088 2279 jam
1103 2218 1201 2280 Lilybeo
1215 2229 1286 2266 tuens.

216 2306 307 2352 Boron
320 2302 331 2346 l
345 2309 369 2348 et
386 2299 417 2346 ll.
427 2299 491 2344 lunt.
501 2296 562 2343 liu.
574 2296 626 2345 tlt.
639 2298 738 2358 Euqeut.
752 2321 783 2336 κ-
799 2295 838 2346 tt.
851 2295 929 2342 Subito
941 2311 1054 2358 nusquam
1070 2315 1092 2342 a.
1109 2314 1133 2343 n.
1145 2297 1219 2344 Velie.
1233 2291 1287 2346 oon

216 2387 281 2430 lunt,
301 2383 386 2427 Meter.
408 2377 462 2424 Ald.
478 2377 577 2436 ungunt.
594 2377 657 2424 Subit
668 2393 725 2424 onus
741 2393 793 2422 eum
811 2376 883 2422 toste
900 2391 1033 2438 nunrquam.
1050 2377 1141 2424 Bouon.
1158 2377 1211 2423 eod.
1223 2378 1287 2424 Subit

218 2464 291 2509 omnis
299 2475 368 2524 quam
380 2457 453 2502 hostia
467 2471 600 2518 numquam.
612 2459 702 2502 Boron.
715 2457 725 2501 l
738 2465 762 2502 et
773 2457 804 2502 ll.
816 2482 846 2491 -
860 2455 898 2502 86.
916 2455 1120 2505 ermentario„
1131 2455 1185 2503 cod.
1196 2459 1286 2503 Bonon.

218 2547 229 2590 l
241 2553 265 2590 et
276 2543 306 2588 ll.
315 2543 380 2588 lunt.
389 2539 476 2584 Meter.
485 2536 538 2584 ΔΜ.
551 2539 651 2598 lingent.
665 2539 704 2583 At.
716 2538 802 2582 Moser.
814 2536 877 2597 conj.
885 2536 929 2581 Eu.

218 2735 277 2776 ora,
296 2727 407 2780 memque
424 2711 648 2780 contremiscithne
662 2707 731 2760 sorte
811 2709 853 2778 87.
865 2713 924 2759 Tum
938 2722 1020 2760 tumen
1034 2709 1157 2776 infando,
1168 2711 1287 2783 injusto,

217 2798 314 2867 hoepet
323 2807 421 2846 temere
431 2789 545 2853 audent,
559 2792 679 2856 miserque
683 2805 732 2855 pu·
774 2786 875 2840 crudeli
885 2827 893 2854 ,
904 2802 1011 2854 tyranno
1028 2807 1084 2855 quoe
1099 2791 1142 2840 det
1156 2808 1288 2858 responsa,

218 2891 252 2930 tet
268 2897 295 2928 se
304 2893 395 2944 posse,
413 2883 490 2944 putet
509 2887 537 2922 te
556 2885 648 2940 parem
674 2867 731 2918 sore
775 2865 1053 2936 eollrpit‚meditntur‚
1069 2885 1159 2920 tecum
1169 2880 1288 2940 reputat,

219 2951 497 3029 injunctisluboribue.
776 2959 800 2996 et
816 2950 913 2998 tandem
932 2951 1013 2996 oburtu
1032 2952 1158 3017 consurgit
1171 2951 1203 3000 ab
1219 2953 1285 3010 alto,

253 3037 361 3088 81.1or.
371 3033 432 3102 Ipse
442 3030 522 3080 lason
535 3021 732 3096 quodammodo
777 3025 879 3078 vultum
889 3025 1028 3098 hucusque
1037 3023 1155 3079 defixum
1170 3027 1253 3098 erigit.

218 3115 355 3176 exhorret3
367 3107 508 3182 perfidiam
519 3104 587 3174 regie
597 3104 732 3176 increpat,
812 3122 856 3173 9¹·
869 3110 923 3172 Quo
937 3124 1014 3156 versa
1022 3108 1091 3177 fides
1101 3115 1115 3157 ι’
1126 3126 1187 3174 quos
1202 3121 1289 3158 vestra

219 3213 268 3248 nec
291 3206 380 3245 tumen
399 3191 472 3260 jueta
489 3194 601 3236 recurat.
618 3187 734 3236 Perstrin-
776 3188 892 3236 uoluunt
906 3187 981 3254 jussa
1003 3187 1096 3236 dolos?
1120 3204 1186 3258 quun
1208 3203 1290 3238 novae

221 3288 295 3327 xerat
306 3271 381 3324 illum
396 3266 460 3320 levio
470 3267 571 3326 horren·
581 3267 662 3316 stabat
670 3266 732 3335 defi·
777 3263 856 3318 struis
871 3262 1008 3318 machinos
1019 3301 1027 3328 ,
1046 3267 1120 3316 alium
1131 3302 1139 3324 ,
1158 3265 1288 3329 alterurn,

220 3373 269 3406 sus
284 3355 309 3402 in
323 3353 377 3410 ira,
392 3344 476 3398 oculis
491 3341 526 3396 ud
539 3343 624 3397 solum
639 3342 732 3396 dernie-
777 3361 874 3396 novum
906 3342 952 3398 hie
980 3344 1006 3396 in
1032 3341 1160 3396 Colchide
1184 3343 1289 3410 Pelian,

221 3433 274 3494 eis,
298 3427 378 3480 tacita
392 3422 496 3478 frendet
514 3423 572 3489 ira,
588 3438 611 3476 et
629 3437 730 3486 moesta,
777 3424 829 3474 alia
849 3443 950 3491 equora
959 3462 968 3486 ‚
985 3421 1095 3495 periculi
1109 3421 1200 3493 plenos
1214 3423 1289 3476 lubo-

221 3511 282 3564 ideo
304 3504 391 3579 quod,
410 3515 470 3576 poet
491 3519 545 3556 tarn
574 3503 677 3557 felicem
704 3502 733 3556 in
777 3520 925 3568 res,eerno.

220 3590 311 3666 prulio
330 3587 469 3660 prestitam
492 3601 619 3656 operum,
643 3599 732 3652 regem
812 3586 949 3647 92.Alium
959 3581 999 3628 lu'e
1009 3581 1108 3639 Pelian,
1126 3583 1179 3631 alia
1189 3600 1291 3648 aequora

220 3673 248 3724 in
274 3667 370 3722 vellere
393 3662 524 3718 trudendo
543 3681 598 3714 non
621 3661 733 3730 emplius
777 3681 857 3713 cerno.
875 3665 962 3712 AEeter
980 3675 1033 3708 non
1051 3657 1138 3710 minus
1152 3658 1246 3713 fraude
1260 3679 1291 3713 uc

221 3749 452 3821 tergiversutururu
489 3761 544 3796 esee
573 3752 731 3809 speraverat.
778 3739 841 3791 dolo
853 3739 986 3792 interitum
998 3753 1087 3788 meum
1097 3739 1291 3814 querit,quarn

222 3830 280 3883 Hoc
288 3829 456 3882 illustratura
467 3817 640 3888 nautie‚qui‚
651 3837 734 3888 quom
778 3817 880 3870 Pelian:
900 3828 927 3870 et
942 3825 1080 3890 postquutq
1100 3835 1204 3888 equora
1219 3823 1291 3892 jussa

223 3928 305 3982 prope
324 3907 444 3960 abessent
458 3920 473 3952 u
490 3909 585 3970 portu,
597 3895 687 3948 dettuo
706 3897 734 3950 in
777 3895 914 3968 superavi,
927 3893 1051 3963 objicitur
1062 3893 1135 3946 aliud
1145 3897 1291 3962 perieulum

223 3987 306 4040 altum
316 3982 500 4055 projiciuntur.
512 3974 618 4028 -Vide
634 3975 666 4026 ul
682 3975 734 4027 cul·
779 3995 833 4026 nou
844 3975 932 4026 minue
944 3991 1026 4044 greve
1037 3985 1063 4026 et
1075 3973 1233 4030 timendum.
1248 3979 1292 4031 Sic

222 4082 278 4116 cem
289 4063 369 4132 hujus
380 4057 441 4112 libri
452 4067 509 4108 not.
520 4054 564 4108 83.
576 4053 626 4105 Eo.
780 4053 894 4106 Buloeus.
909 4053 959 4104 En.
