3006 4676
404 307 1027 432 inconnumoonjttnrx.
1192 359 1254 448 237

228 482 371 563 Deserit,
386 482 590 571 aetheriisque
605 481 697 547 deam
718 482 778 548 dea
794 487 947 553 convenit
960 489 1063 552 astris.

227 598 421 686 lpsaautem
434 595 565 662 Thetidi
581 597 679 688 reguli
692 599 876 664 comminus
890 616 981 666 ostro
1216 627 1255 666 3¹0

227 712 313 775 Juno
327 710 461 793 sedens,
488 711 543 775 tali
557 710 652 776 affata
665 728 715 776 est
728 711 867 778 Nereida
882 735 962 780 voce
978 738 986 779 :

269 855 283 882 α
294 825 393 890 Nunc
409 826 527 891 mentis
541 848 619 914 mpc
635 842 711 891 vota
723 849 818 909 mete,
832 827 946 894 Thetis
961 853 968 894 :
984 831 1122 922 impiger
1134 833 1230 899 heros

225 940 388 1029 Perpetuo
403 957 552 1006 nostrum
565 940 710 1030 suspexit
726 963 851 1006 numen
867 943 973 1008 Iason.

226 1056 318 1119 Dona
332 1055 387 1144 pio
405 1077 540 1144 pensare
555 1055 636 1120 libet
652 1077 746 1120 nunc
761 1054 869 1120 debita
882 1057 985 1122 cultu.

224 1165 268 1230 Ut
281 1167 372 1256 prius
385 1168 507 1233 insanis
521 1184 681 1234 errantem
699 1167 853 1234 fluctibus
867 1172 954 1260 Argo
1217 1195 1251 1232 ss
1363 1237 1373 1254 Ι

223 1281 369 1364 Servavi,
395 1282 532 1372 supplex
548 1304 666 1372 meque
683 1282 718 1346 in
740 1297 796 1346 tua
816 1305 916 1372 regna
932 1288 1061 1374 recepi,

224 1393 404 1482 Eripuique
418 1396 513 1461 maris
532 1419 617 1461 cteco
633 1396 742 1462 collita
755 1398 867 1461 furore

222 1509 318 1572 Arma
331 1511 408 1574 ratis
424 1527 587 1599 postrema
600 1534 713 1594 sacrae3
729 1512 803 1577 licet
817 1512 917 1602 ignis,
931 1529 965 1578 et
979 1515 1047 1604 igni

222 1621 338 1688 Iuncta
352 1626 491 1713 procella
502 1626 605 1692 levem
618 1627 833 1716 praestinxerit
845 1643 920 1692 ante
934 1630 1131 1698 columbam.

224 1737 321 1803 Nunc
332 1761 465 1828 quoque
482 1741 587 1829 Scylla
602 1763 719 1830 rapax,
730 1741 866 1806 canibus
878 1743 1044 1808 succincta
1058 1747 1248 1830 marinis,³20

221 1851 445 1942 Eructansque
461 1855 545 1919 imos
562 1853 680 1919 fluctus
693 1854 847 1920 sulcanda
861 1855 1057 1945 Charybdim

221 1963 374 2055 Protege,
397 1967 487 2046 dira,
503 1969 590 2034 viros
606 1993 613 2034 :
629 1969 710 2058 quid
727 1991 794 2034 non
808 1969 865 2034 abs
879 1986 912 2036 te
927 1972 1080 2063 impetret
1096 1999 1159 2040 una

221 2079 309 2144 luno
323 2081 400 2147 tua?
415 2083 574 2148 infantem
590 2083 687 2148 dilexi
706 2085 874 2174 protinus,
898 2101 931 2152 et
945 2103 981 2152 tu

219 2191 293 2258 Sola
308 2199 463 2262 recusasti
479 2199 601 2264 lectum
618 2213 775 2264 temerare
787 2201 944 2289 jugalem,

219 2309 330 2394 Quum
351 2327 458 2378 tamen
478 2314 656 2380 immodico
674 2330 818 2402 captaret
833 2315 983 2404 luppiter
1001 2333 1090 2400 astu,
1206 2339 1243 2378 ns

216 2425 364 2517 luppiter
385 2426 501 2492 insano
524 2450 653 2518 semper
674 2445 842 2520 correptus
862 2453 992 2510 amore,

82 2559 84 2564 ·
216 2541 418 2633 Altemoque
432 2545 517 2608 initu
537 2545 671 2634 genialia
688 2544 808 2609 foedera
823 2545 970 2611 turbans.

216 2657 282 2740 Qui
299 2659 444 2746 quamvis
462 2659 585 2748 Stygias
599 2660 695 2724 toties
707 2659 863 2739 juraverit
881 2658 1003 2742 undas,

216 2769 345 2835 Misceri
361 2793 395 2835 se
409 2772 495 2837 nolle
510 2772 588 2854 tihi,
607 2771 712 2860 Stygis
731 2788 825 2836 antra
844 2794 953 2836 severa
1104 2765 1105 2768 ¹

213 2884 407 2973 spernebat,
430 2902 555 2950 tantum
571 2886 757 2951 stimulabat
770 2907 852 2952 oaeca
866 2885 979 2950 libido.
1201 2909 1239 2948 sn

214 2999 328 3065 Donec
340 3021 417 3064 eum
429 2998 611 3066 veneranda
625 2999 759 3064 Themis
778 3000 980 3088 compescuit
995 3023 1052 3064 ore

213 3112 366 3180 Fatimno
380 3136 390 3180 z
405 3144 418 3171 α
431 3137 691 3203 quemcumque,
704 3114 827 3204 inquit,
845 3113 957 3178 Thetis
974 3113 1055 3180 alma
1072 3117 1170 3182 cubili

214 3229 380 3306 lunxerit,
395 3229 450 3293 ille
466 3251 527 3292 suo
545 3227 647 3308 major
665 3229 813 3319 genitore
830 3229 961 3293 futurus

213 3343 370 3408 Nascetur
390 3344 591 3434 quicumque
609 3343 707 3426 dea»;
733 3360 813 3408 tunc
831 3341 928 3406 solvit
944 3364 1104 3426 amorem,

213 3463 264 3529 Ne
283 3464 368 3555 foret
383 3464 417 3528 in
434 3465 511 3529 caelo
532 3479 607 3553 post
622 3463 687 3527 ulla
705 3462 851 3552 potentia
873 3461 986 3542 major.
1198 3483 1238 3522 sss

213 3582 271 3644 Ast
292 3601 374 3668 ego,
393 3601 465 3667 quae
483 3579 581 3644 taedis
594 3601 734 3668 praesum
754 3577 814 3642 dea
828 3576 895 3642 sole
912 3575 1052 3656 maritis,

212 3695 335 3784 Sponte
354 3694 414 3759 tihi
430 3717 538 3786 regern
554 3693 677 3759 delecta
699 3715 739 3758 ex
759 3692 846 3781 pube
861 3690 964 3756 dicavi
1069 3733 1073 3738 -

210 3809 419 3898 Argolicum3
441 3810 588 3874 thalamis
603 3808 724 3874 etenim
738 3805 911 3898 gaudebis3
932 3821 965 3870 et
980 3819 1050 3869 orta

212 3923 386 4014 Progenies
400 3925 534 3990 rutilum
554 3926 620 3990 coeli
637 3941 686 3990 est
702 3939 837 3989 ventum
855 3921 916 3987 sub
934 3943 1037 3986 axem.

209 4045 296 4107 Ante
310 4059 384 4108 tuos
397 4043 555 4108 thalamos
568 4044 695 4109 cunctis
708 4041 749 4107 de
762 4017 986 4106 more'voeatis
1195 4062 1235 4105 sto
1262 4115 1266 4122 ¹
