2994 4702
146 440 148 444 v
248 349 340 438 376·
432 359 436 366 ·
640 356 918 420 cs'rsnoeus

246 475 386 538 Esboni
399 475 566 564 adjungit,
582 495 691 564 posset
706 479 808 544 videri
825 501 885 568 pro
901 479 1022 565 Euryto
1038 483 1194 568 posuisse.
1209 484 1320 569 Euty-

248 583 344 642 tioru's
360 581 456 644 etism
475 583 623 645 meminit
635 585 827 672 Anonymus
843 582 885 649 ds
907 586 972 650 ΧΠ
992 585 1172 651 Laboribus
1190 589 1319 652 Hereu-

247 687 285 750 lis
313 687 354 748 ab
378 686 495 750 Alistio
518 688 642 770 editus,
665 711 734 776 cap.
755 690 790 766 5,
808 691 865 778 qui
884 690 1030 756 liberavit
1052 691 1315 777 Mnesimseben,

248 791 345 854 Oleni
362 789 457 855 liliam
467 839 476 874 ,
488 815 593 880 ¹quum
606 793 647 856 sb
661 797 772 884 Augiae
785 795 913 860 stabulo
928 812 1066 885 purgato
1079 795 1119 859 ad
1132 797 1315 886 Eurysthea

247 895 376 961 rediret.
390 897 623 962 confusionem
639 921 715 964 vero
726 900 844 984 Euryti
858 918 891 966 et
909 901 1089 986 Eurytrbnis
1107 901 1186 968 inde
1200 925 1316 990 prove-

247 1003 333 1066 nisse
345 1019 445 1090 puto,
460 1006 536 1090 quis
551 1005 653 1069 Graeci
667 1009 889 1095 patronymica
905 999 971 1070 non
989 1024 1116 1072 tantum
1130 1009 1163 1072 in
1177 1014 1247 1084 tine,
1257 1009 1314 1074 sed

247 1123 280 1172 et
297 1121 338 1172 ίων
352 1110 553 1192 sorumbant,
567 1123 604 1174 ut
623 1110 763 1176 vidimus
790 1113 824 1176 in
850 1115 1038 1178 Actorum.-
1051 1129 1083 1176 et
1105 1115 1149 1177 its
1172 1113 1314 1200 Euryuu

246 1213 521 1282 babueritfilium
543 1218 703 1300 sumum
712 1235 776 1297 ,ut
793 1219 984 1301 Maserium,
998 1220 1055 1284 sed
1078 1223 1188 1284 nescio
1206 1219 1313 1303 surde,

246 1321 405 1396 affirmare
425 1322 585 1403 vidimus,
609 1340 642 1388 et
666 1324 824 1408 Eurytion
852 1342 937 1389 esset
962 1326 1151 1412 Eurytides,
1175 1325 1208 1389 id
1246 1344 1314 1403 est,

246 1423 360 1510 Euryti
377 1421 472 1488 filius.
500 1426 594 1488 Certe
620 1424 707 1511 spud
731 1423 842 1513 Virgil.
867 1425 996 1492 AEneid.
1026 1429 1073 1509 X,
1093 1432 1177 1513 499,
1199 1449 1313 1492 omnes

247 1529 324 1592 editi
342 1530 408 1593 fere
426 1529 560 1594 habent:

269 1775 271 1778 ι
387 1713 452 1777 Quse
467 1712 567 1765 Clonus
579 1715 708 1787 Eurytion
724 1715 806 1766 multo
817 1715 958 1768 celaverat
969 1735 1043 1769 suro.

245 1889 309 1954 Sed
328 1890 452 1954 Pierius
466 1892 562 1970 jussit
578 1891 711 1954 rescribi
728 1891 912 1976 Eurydites,
928 1893 1018 1980 quod
1037 1915 1140 1956 unum
1160 1894 1313 1983 idemque

246 2013 346 2060 notat.
374 1997 463 2060 Alius
489 1997 645 2082 Eurytion
672 1997 872 2078 Centaurus,
894 1998 950 2084 qui
983 1997 1127 2062 Pirithoo
1160 2021 1312 2088 sponsam

246 2103 382 2189 eripuit,
394 2119 442 2166 est
458 2101 549 2189 apud
562 2102 699 2166 Pausan.
716 2101 771 2166 lib.
786 2102 826 2184 V,
845 2124 901 2184 ro,
914 2119 947 2166 et
960 2104 1041 2185 VH,
1062 2104 1120 2187 18,
1132 2115 1230 2192 'quem
1247 2105 1311 2170 du·

245 2208 315 2271 bito
329 2209 428 2272 fuisse
441 2207 546 2288 illum,
556 2229 631 2270 mox
645 2223 677 2270 et
687 2208 855 2271 Antonino
866 2207 1002 2271 Liberali
1010 2207 1223 2296 productum,
1235 2212 1311 2299 quis

245 2313 291 2378 ibi
304 2333 381 2377 curn
393 2336 468 2403 rege
480 2313 574 2376 Oleni
591 2329 798 2377 memoratur.
816 2313 935 2401 Hygin,
948 2313 1010 2377 fab.
1027 2313 1085 2396 32,
1098 2314 1176 2379 dicit
1189 2315 1311 2380 Ixionis

244 2436 277 2482 et
296 2418 393 2481 nubis
410 2417 512 2482 filiurn
531 2418 629 2481 liiisse
640 2442 649 2500 3
661 2419 729 2496 ejus
746 2435 778 2480 et
793 2419 890 2482 Hom.
908 2416 1023 2506 Odyss.
1039 2420 1136 2500 XXI,
1151 2419 1225 2506 295,
1241 2443 1311 2484 me-

243 2525 353 2604 minit;
371 2524 428 2588 ubi
445 2523 637 2588 Scholiastes
648 2522 817 2588 videndus.

290 2693 501 2774 EURYTUS,
514 2691 593 2755 nulli
602 2692 853 2780 praetermissus,
863 2689 921 2754 sed
931 2691 1017 2755 varie
1031 2709 1138 2756 tamen
1153 2693 1307 2781 scriptus:

246 2803 349 2866 Valer.
380 2799 465 2864 Flac.
491 2797 619 2883 l,439;
635 2797 765 2884 Hygino
791 2811 824 2860 et
846 2794 1046 2884 Apollodoro
1067 2797 1236 2883 Eurycus3
1252 2797 1309 2864 sed

247 2907 390 2996 Orpheo,
406 2904 486 2986 1533
500 2903 685 2992 Apollonio,
696 2903 723 2982 l,
735 2899 958 2984 523Pindar0,
970 2901 1065 2990 Pyth.
1076 2903 1132 2980 IV,
1145 2902 1220 2990 319,
1230 2905 1311 2990 Ery·

243 3031 303 3080 tus.
321 3011 482 3076 Eumdem
499 3025 606 3074 tamen
625 3029 695 3072 esse
711 3021 814 3096 patet,
827 3007 903 3094 quia
918 3006 1015 3071 frater
1030 3008 1179 3097 geminus
1197 3009 1309 3073 Echio-

244 3121 312 3203 nis,
327 3118 411 3183 filius
425 3117 578 3182 Mereurii
593 3132 625 3178 et
641 3115 823 3176 Antianiroe
839 3111 959 3177 dicitur
977 3115 1124 3203 Hygino,
1141 3114 1205 3180 fab.
1222 3133 1308 3202 rget

249 3230 327 3306 1110,
340 3240 372 3289 et
386 3220 527 3288 Pindaro
544 3236 577 3284 et
591 3219 679 3298 aliis3
694 3215 751 3282 sed
766 3218 898 3306 proprie
915 3229 1018 3300 Εῡρυτος
1032 3218 1073 3283 ab
1087 3230 1170 3299 sept„
1180 3235 1217 3284 ut
1229 3223 1308 3310 Ety.

244 3333 362 3419 molog.
375 3329 483 3418 magni
492 3327 647 3391 auctorin
662 3333 785 3399 Αἴπυτος,
795 3321 883 3403 ipsiu
899 3327 1025 3413 poetica
1042 3325 1179 3390 lieentia.
1196 3327 1305 3391 Hicin

244 3440 329 3506 ludis
347 3435 540 3519 funebribus
557 3433 651 3497 Peliae
670 3432 782 3520 sagitta
798 3431 891 3513 vicit,
909 3449 990 3495 teste
1008 3432 1124 3522 Hygin.
1143 3433 1207 3498 lab.
1227 3431 1303 3520 273.

192 3555 195 3560 “
243 3547 397 3610 Diversus
410 3563 487 3605 vero
503 3541 556 3603 ille
572 3556 620 3602 est
636 3538 678 3602 ab
693 3539 835 3621 Euryto,
856 3539 1015 3603 OEcbaliae
1032 3561 1106 3628 rege
1119 3537 1204 3626 (filio
1219 3540 1307 3604 Stra·

243 3651 382 3730 tonices,
415 3644 596 3710 secundum
626 3641 822 3725 Hesiodum,
845 3644 937 3722 cujus
968 3646 1185 3734 fragmentum
1219 3644 1306 3733 spud

241 3755 349 3822 Schol.
364 3751 532 3840 Sophoclis
549 3750 582 3812 in
595 3750 710 3814 Trach.
725 3747 787 3813 268
802 3751 930 3838 legitur,
939 3749 1030 3837 quod
1040 3751 1185 3838 AEscbyli
1198 3751 1304 3816 Schol.

242 3883 411 3952 perperim
434 3854 532 3920 credo
550 3855 648 3918 tribui
670 3855 710 3918 ab
730 3853 860 3919 Hesiodi
878 3855 1082 3942 editoribus),
1096 3871 1184 3944 patre
1202 3857 1306 3944 Iphytr

242 3987 275 4034 et
292 3967 377 4054 Clyti
390 3966 668 4054 Argonautarum,
695 3976 731 4023 ut
752 3959 793 4024 ab
821 3960 951 4049 Hygino
979 3977 1012 4025 et
1034 3961 1185 4049 Apollon.
1204 3964 1236 4044 l,
1262 3961 1303 4026 88

240 4076 367 4144 dicitur.
388 4071 450 4138 Hic
468 4067 618 4160 magister
634 4067 799 4151 Herculis,
813 4067 941 4156 sagittas
958 4082 995 4130 ut
1013 4067 1172 4150 mitteret,
1186 4067 1304 4136 dicitur
