3006 4676
417 343 976 472 siconturtcos,t1s.
1000 391 1041 454 x.
1201 383 1263 453 265

237 525 310 590 lluc
324 524 468 590 alternus
484 539 517 590 ct
531 523 599 590 huc
611 541 806 590 convertens
826 522 919 588 sibila
934 521 1038 604 colla,

236 639 454 728 Scintillaeque
471 639 594 704 micant
611 635 759 728 flagranti
774 636 900 702 lumine
918 635 1059 701 crebre:
1224 659 1263 699 sss

236 756 289 822 Sic
301 757 447 846 Pagasaea
464 754 542 819 ratis
557 753 747 819 Tritonidos
766 777 823 819 ora
835 750 963 842 paludis

236 866 323 930 Dum
339 865 440 954 petit,
466 866 592 929 incerto
610 879 728 928 nutans
744 877 831 928 secat
846 883 978 952 aequora
995 859 1108 926 fluctu.

236 981 402 1048 Continuo
420 977 582 1069 tripodem
599 977 734 1060 Phoebi,
751 999 850 1066 quam
867 976 956 1041 naris
972 976 1098 1065 agebat,

235 1094 392 1160 Thracius
408 1109 522 1168 exorat
536 1109 625 1159 rates
639 1092 805 1182 deponere
822 1091 905 1156 divis

237 1207 417 1300 Indigenis,
437 1208 554 1298 Libyes
569 1223 608 1273 ut
625 1207 761 1273 numina
772 1207 864 1273 'sacra
884 1205 1004 1296 piaret,
1226 1221 1264 1277 ⁵70

236 1326 281 1389 Ut
297 1323 438 1390 reditum
454 1339 609 1413 prestent
623 1322 767 1406 facilem,
785 1338 965 1411 ventosque
979 1318 1166 1402 secundom

238 1441 350 1522 Quum
366 1439 477 1505 subito
493 1439 636 1504 occurrit
647 1437 781 1520 juvenili
795 1459 933 1526 corpore
945 1437 1076 1518 Triton,
1157 1469 1159 1475 2

236 1555 397 1621 Ctertsleos
416 1553 566 1620 madidus
582 1554 703 1636 crines,
720 1553 914 1642 Minyasque
927 1553 1064 1617 salutat:

278 1668 474 1761 «suscipite,
490 1691 511 1734 ο
524 1669 676 1752 juvenes,
691 1667 843 1733 numenei
859 1668 978 1758 pignus
998 1666 1129 1750 amoris,

236 1783 441 1874 Hospitiique
457 1781 574 1864 fidem,
589 1805 665 1847 nam
681 1782 787 1873 longis
803 1781 909 1845 incola
923 1779 1016 1846 terris
1226 1798 1264 1852 ⁵7⁵

238 1898 342 1962 Multa
359 1898 442 1962 solet
459 1919 579 1985 cupere
595 1889 760 1961 interdum
777 1894 896 1986 quibus
912 1894 1037 1986 indiget
1051 1917 1140 1960 usus.

236 2010 347 2074 Dicam
361 2009 530 2099 equidem,
548 2024 582 2074 et
593 2008 687 2074 dictis
703 2031 796 2074 curas
812 2009 948 2074 fortasse
961 2008 1086 2074 levabo.

237 2122 436 2190 Prudentem
450 2125 554 2216 pelagi
571 2123 649 2190 fecit
666 2146 718 2189 me
735 2140 842 2188 rector
855 2145 1032 2213 aquarum,

237 2239 278 2304 Et
291 2239 427 2328 Libycas
447 2256 611 2329 sceptrum
628 2255 742 2322 teneo,
762 2239 890 2330 regina,
906 2261 966 2330 per
983 2260 1065 2305 oras.

234 2351 372 2436 Audite,
385 2352 520 2418 heroes:
537 2353 655 2443 Libya,
673 2355 800 2418 nutrice
814 2353 972 2436 ferarum,
1224 2371 1263 2410 πο

236 2465 425 2556 Eurypylon
440 2451 586 2558 genitum
601 2468 694 2533 vobis
707 2468 845 2532 invisere
859 2481 1018 2557 praestata

277 2580 330 2644 Sic
344 2579 448 2663 fatus;
465 2581 566 2670 glebae
579 2580 725 2646 dextram
740 2581 941 2670 superinjicit
957 2603 1031 2646 acer

239 2691 373 2759 Talibus
385 2695 577 2783 Euphemus
590 2695 696 2761 verbis
714 2695 821 2786 gravia
839 2719 895 2761 ora
913 2699 1093 2762 resolvens:

279 2806 406 2896 «spida
422 2808 447 2872 si
466 2809 551 2873 nosti
567 2825 705 2891 terram,
724 2809 922 2898 pelagusque
937 2825 1088 2874 vocatum

237 2921 373 3004 Minois,
391 2922 612 2988 certoreferas
625 2945 715 2988 nunc
732 2921 1026 3012 pectore‚T1iton;
1225 2939 1264 2980 ⁵⁸⁵

236 3035 309 3099 lluc
326 3057 438 3100 cursus
455 3036 517 3102 tuit
528 3038 667 3103 inritus:
684 3060 743 3127 per
755 3037 920 3126 inhospita
931 3035 1081 3126 cymbam

236 3148 360 3230 Litora,
378 3165 537 3214 certantes
550 3153 676 3235 Euros,
686 3150 893 3240 tumidasque
906 3150 1084 3240 procellas,

237 3259 424 3344 Traximus,
437 3263 539 3350 inque
553 3279 625 3330 tuas
636 3266 730 3330 terris
745 3265 913 3331 enavimus
928 3265 1044 3331 undas.

234 3373 302 3439 Nec
319 3373 433 3465 pelago
450 3376 571 3442 scimus
587 3379 738 3469 Pelopeia
754 3403 866 3446 rursus
884 3379 974 3445 adire

234 3489 381 3578 AEquora
396 3490 437 3555 ab
451 3492 581 3581 ignoto,
594 3493 769 3583 Libyaeque
783 3494 981 3585 palustribus
996 3494 1072 3559 oris.
1087 3525 1100 3550 υ
1222 3515 1262 3565 ⁵⁹⁰

278 3605 368 3669 Talia
382 3605 503 3672 dicenti
516 3607 629 3674 divino
646 3609 781 3673 numine
790 3610 906 3676 Triton

239 3719 422 3808 Angustum
437 3737 577 3786 ostentat
591 3721 742 3787 manibus
758 3723 930 3812 verbisque
946 3720 1165 3813 profundum:

276 3863 289 3889 α
303 3833 416 3898 Exitus
431 3834 485 3900 hic
499 3837 593 3925 ponti
607 3852 673 3919 est,
687 3837 745 3902 ubi
761 3859 889 3927 semper
904 3839 1020 3902 caerula
1034 3852 1168 3927 torpent

236 3947 370 4014 Incertis
386 3949 542 4037 utrinque
556 3949 664 4032 vadis,
681 3951 738 4016 ubi
757 3952 869 4016 tollere
887 3967 1002 4041 portus

234 4061 376 4128 Nomine
389 4064 569 4153 splendoris
581 4065 667 4132 fama
680 4081 746 4149 est,
763 4065 867 4132 media
881 4087 1009 4155 equora
1024 4064 1132 4130 fractis
1222 4082 1259 4135 ⁵9⁵
1396 4079 1401 4084 '
