3022 4678
452 337 577 400 ttovt
608 335 850 400 EDITORIS
879 334 1032 398 NOTAE.
1209 337 1268 423 159

208 467 258 502 nec
268 467 329 502 raro
342 462 486 502 occurrunt
496 447 550 502 duo
564 448 721 520 pronomina
735 445 843 501 diverse
857 465 975 517 persono
988 447 1039 512 sic,
1054 459 1082 499 ut
1092 467 1164 502 nunc
1173 487 1181 514 ‚
1191 452 1268 522 jutta

209 547 301 605 posits.

244 669 279 721 V.
292 668 353 732 436.
362 673 445 720 Hoeret
451 707 459 730 ,
477 683 501 720 et
520 671 632 722 attoiisns
652 671 698 718 uin
717 671 816 718 tandem
833 669 925 718 [ursina
932 669 1015 734 fatttr.
1026 697 1062 708 -
1074 667 1199 722 callidior
1216 668 1268 723 hoc

207 753 283 815 ioco,
295 763 324 806 nt
337 749 403 804 mihi
416 749 535 814 videtur,
548 751 723 822 Apollonius,
737 762 763 802 et
774 762 874 803 nature
888 750 973 821 magis
984 753 1119 805 consultus
1129 787 1137 815 ‚
1149 751 1268 807 Medeam

208 833 285 886 finxit
297 835 457 887 obmutuisse
467 853 521 906 prae
533 833 692 887 verecundia
699 871 707 896 ‚
719 851 849 904 moxque,
864 834 983 906 responsi
993 834 1269 900 toco‚incanumenu

207 919 297 970 tasoni
311 916 469 984 tradidisse3
484 917 556 990 quod
577 918 626 970 suit
640 919 735 990 quovis
753 935 873 970 sermone
892 916 1100 988 significantium
1117 919 1173 972 vid.
1191 920 1270 992 Apol·

208 1002 262 1054 ion.
279 999 331 1066 111,
348 1021 405 1055 tro.

243 1153 277 1204 V.
291 1160 351 1218 440.
363 1157 469 1222 Nempe,
483 1174 526 1224 ego
541 1160 563 1206 ss'
569 1159 661 1222 patriis
673 1159 802 1207 timns'ssens
815 1159 931 1206 excedere
940 1159 1023 1216 tostis,

229 1259 233 1264 ·
366 1241 512 1297 Omnem,
525 1257 609 1306 nempe
620 1241 684 1289 hans
693 1242 802 1290 animan
812 1258 864 1290 sors
872 1257 936 1290 sceva
945 1245 1061 1290 manebat

367 1325 472 1372 Fitnsrs's.

207 1440 274 1504 Quo
287 1451 444 1511 sequuntur,
454 1439 584 1510 Wagneri
596 1450 658 1494 sunt
671 1439 748 1492 verbu
759 1457 766 1491 :
781 1465 793 1484 u
804 1443 906 1506 Nmpe,
918 1439 954 1491 ito
965 1457 1026 1492 vero
1037 1451 1092 1506 est,
1103 1461 1163 1511 ego,
1174 1463 1223 1515 ego
1233 1446 1271 1498 in.

207 1541 304 1594 quem,
315 1528 338 1577 si
346 1527 437 1592 paerir'r
454 1527 583 1578 siurim
601 1527 719 1576 secedere
736 1528 818 1583 meis,
838 1525 974 1584 occideras,
993 1536 1082 1576 sctum
1097 1523 1133 1578 de
1151 1537 1177 1579 te
1198 1542 1268 1594 crat,

207 1623 305 1672 nempe,
328 1618 354 1656 et
373 1604 491 1677 profecto
513 1607 578 1656 itane
599 1601 760 1670 (dicuntsine,
778 1619 859 1656 manu
880 1602 981 1673 pectori
1004 1603 1144 1674 imposita)
1160 1610 1270 1660 animan

208 1704 303 1748 meam,
313 1706 367 1749 me,
375 1707 426 1738 sors
427 1683 525 1756 finiretis
534 1707 598 1739 σανα
607 1691 732 1747 manebat,
743 1703 794 1756 ego
805 1685 853 1737 tibi
866 1703 920 1738 non
932 1697 1078 1758 superstes,
1090 1699 1175 1742 tecum
1188 1693 1270 1744 mori·

207 1781 266 1823 tura
280 1771 394 1824 fuissem.
411 1771 485 1824 Hanc
498 1771 614 1824 enimam
626 1769 659 1823 ad
673 1773 795 1824 iasonem
807 1770 886 1822 refert
898 1769 1065 1824 Burmannus
1080 1791 1137 1825 eam
1154 1773 1190 1826 ob
1204 1794 1269 1830 onn-

208 1871 277 1922 ssm,
288 1855 360 1928 quod
373 1856 400 1908 in
412 1857 498 1927 primo
508 1854 624 1926 elloquio
635 1853 744 1920 Medea,
756 1871 770 1906 a
783 1865 868 1906 morte
877 1853 979 1906 insonis
989 1872 1064 1908 susm
1072 1855 1204 1927 pendere,
1215 1878 1270 1912 non

207 1939 269 1992 satis
282 1938 378 1992 decore
395 1937 512 2012 profiteri
528 1939 642 2010 potuisse
657 1937 786 1992 videatur.
806 1937 893 2002 Quam
911 1939 1065 1992 sententium
1088 1943 1183 2014 premit
1198 1941 1270 2012 hoc,

207 2023 279 2094 quod
292 2023 362 2076 idem
374 2035 430 2075 tum
444 2023 484 2076 bis
505 2025 596 2092 (conf.
612 2025 736 2076 coemeras
746 2042 773 2075 v.
789 2027 852 2092 441)
864 2021 961 2076 dixisse
973 2021 1105 2077 credenda
1117 2025 1151 2078 sit
1161 2025 1271 2094 Medea,

206 2125 255 2160 nec
267 2108 395 2161 absonum
409 2107 474 2160 mihi
484 2107 600 2172 videtur,
612 2107 757 2179 virginem,
769 2125 827 2177 qun
837 2107 892 2181 jam
907 2119 995 2171 antea,
1008 2109 1058 2160 sibi
1068 2109 1159 2162 saitem
1169 2130 1196 2164 v.
1208 2112 1270 2176 351,

208 2191 273 2244 fasse
285 2203 352 2245 esset
370 2211 398 2246 sc
420 2211 480 2245 cum
496 2192 593 2245 Jssone
612 2192 679 2244 mori
693 2211 747 2244 non
760 2209 896 2256 recusare,
910 2211 1020 2264 qunque
1030 2195 1085 2266 jam
1100 2195 1128 2246 in
1142 2213 1174 2248 eo
1188 2209 1270 2263 esset,

207 2285 236 2326 ut
259 2275 354 2329 herbas
376 2289 513 2330 venenatas
542 2273 670 2338 traderet,
694 2275 847 2347 simpliciter
872 2285 952 2346 atque
976 2285 1066 2349 operte
1093 2277 1173 2330 animi
1196 2297 1270 2331 sensa

207 2377 328 2429 promere
339 2385 362 2413 ι.

242 2495 275 2548 V.
285 2497 345 2561 450.
358 2503 514 2564 Persaeasque
524 2500 578 2548 sinn
591 2499 731 2564 depromere
742 2499 816 2547 vires.
829 2525 863 2534 -
875 2495 954 2546 Cous.
969 2493 1048 2547 Ovtd.
1062 2495 1168 2548 Remed.
1179 2499 1270 2550 Amor.

207 2594 232 2628 v.
245 2579 293 2631 263
305 2598 311 2629 :
325 2581 391 2644 Quid
404 2582 449 2629 sibi
456 2582 611 2648 profitentur,
627 2581 708 2638 Cim,
721 2577 856 2631 Perseidos
871 2579 960 2628 terta.
976 2577 1075 2631 Hecate
1091 2596 1202 2650 nempe,
1213 2598 1271 2652 qun

207 2674 316 2716 vocatur
333 2661 447 2730 Perseis,
464 2680 594 2735 supra,v.
610 2661 672 2725 238,
685 2662 873 2716 Prometheum
894 2659 984 2714 florem
1004 2661 1090 2734 prima
1110 2663 1271 2734 eollegerat,

208 2747 317 2816 ejusque
328 2746 382 2798 rim
393 2743 515 2800 Medeam
526 2745 662 2800 docuerat.

241 2880 273 2932 V.
284 2879 346 2945 454.
366 2885 399 2931 Et
405 2885 462 2948 jans
473 2902 538 2933 nuno
549 2885 679 2950 deprecor,
695 2885 788 2947 hospes.
803 2911 837 2920 --
849 2883 999 2931 Etiamnunc
1017 2879 1158 2950 legendum
1177 2901 1271 2938 censeo

207 2982 268 3016 cum
282 2964 452 3019 Burmuuno:
472 2981 497 3017 et
516 2970 570 3034 snm
586 2977 611 3018 et
628 2969 703 3016 esiam
720 2965 748 3016 in
763 2963 900 3017 codicibus
915 2981 983 3034 sepe
1002 2963 1216 3030 confunduntur,
1239 2968 1272 3020 iis

207 3049 346 3116 presertim
361 3048 387 3100 in
401 3048 497 3120 quibus
510 3048 621 3102 indivise
632 3058 694 3101 sunt
705 3047 841 3102 vocabula.

240 3219 276 3270 V.
291 3219 352 3280 456,
368 3221 487 3278 Dixerat,
497 3223 617 3288 extempio
629 3225 727 3286 (neque
738 3222 802 3269 enim
812 3232 912 3268 matura
921 3221 1026 3268 ruebant

363 3305 465 3363 Sidera,
478 3316 504 3352 es
517 3316 653 3354 extremum
666 3305 800 3374 suffixerat
810 3320 860 3354 axe
874 3305 989 3366 Booten)

207 3421 283 3476 Hunc
296 3423 383 3476 locum
396 3425 434 3477 sic
452 3425 641 3496 interpretetur
646 3424 814 3497 Wagnerus:
829 3451 842 3470 u
852 3429 919 3475 Nam
927 3427 984 3493 jam
996 3427 1006 3490 (
1016 3423 1054 3476 sic
1067 3423 1136 3476 enim
1151 3425 1208 3497 lego
1222 3445 1271 3498 pro

207 3527 286 3578 neque
298 3511 375 3570 enin,
385 3507 457 3562 unde
468 3527 574 3562 sensum
585 3507 755 3562 commodum
769 3509 897 3564 extricare
907 3527 963 3562 non
975 3526 1083 3580 possum
1092 3513 1103 3578 )
1112 3524 1211 3564 matura
1219 3531 1270 3564 rue·

207 3595 266 3644 bant
275 3596 372 3654 sidera,
382 3604 486 3648 motura
495 3611 592 3664 nempe
607 3594 724 3659 occasui,
738 3599 793 3663 jam
810 3593 838 3646 in
858 3611 890 3649 eo
904 3603 992 3658 erunt,
1005 3605 1034 3645 ut
1047 3591 1199 3648 occiderent
1209 3601 1271 3662 (ca-

207 3679 291 3730 dentia
302 3679 486 3750 sideraVirgiL
497 3681 557 3730 AEn.
572 3680 611 3744 II,
624 3681 673 3746 9),
686 3695 710 3730 st
721 3694 871 3740 extremum,
885 3679 932 3750 qui
945 3677 1054 3732 ultimus
1067 3681 1203 3748 omniunt,
1215 3699 1270 3734 nott

206 3761 256 3814 nisi
275 3760 318 3816 die
337 3762 465 3830 instante,
482 3763 594 3830 occidit,
611 3766 756 3834 uffae-erat,
775 3763 874 3818 diutius
891 3773 1021 3816 remorata
1040 3775 1112 3828 erut,
1125 3781 1162 3818 so.
1175 3764 1271 3820 Medea

206 3856 262 3897 arte
276 3847 389 3918 magica,
398 3868 456 3906 axe,
472 3847 505 3901 nd
519 3849 608 3920 polum
617 3846 749 3899 Arcticum
760 3847 830 3918 (axis
842 3848 913 3900 enim
927 3857 964 3898 est
977 3845 1187 3918 septemtrio‚qui
1197 3847 1269 3899 Gre-

206 3925 243 3976 cis
255 3929 341 3997 ἅμαξαι
353 3925 457 3980 dicitur.
468 3927 510 3982 Sic
520 3928 626 3981 Servius
636 3925 669 3980 ud
681 3927 754 3997 Virg.
765 3927 863 3998 Georg.
873 3928 924 3993 III,
934 3927 984 3982 351
995 3945 1003 3993 ς
1018 3928 1052 3980 cf.
1067 3926 1116 3979 int,
1128 3945 1153 3977 v.
1168 3927 1218 3979 560
1228 3931 1266 3994 n).

207 4007 293 4060 -Nit
307 4009 474 4061 mutavimus.
483 4013 578 4065 Sensus
591 4023 645 4065 est:
660 4025 758 4062 matare
771 4015 834 4063 enim
847 4015 928 4064 sidera
942 4031 990 4062 non
1002 4015 1119 4068 ruebant,
1131 4027 1183 4062 non
1197 4011 1268 4063 occi·

206 4091 321 4154 debent,
337 4091 437 4145 Medese
457 4094 563 4164 magieis
576 4094 676 4146 artibus
695 4094 758 4146 celo
776 4093 880 4148 suffixa.
902 4099 980 4144 Rscre
996 4091 1029 4143 de
1043 4103 1102 4144 ortu
1121 4110 1269 4162 occasuque
