2994 4702
236 333 300 396 330
625 337 912 402 CATALOGUS

235 478 355 546 regno,
369 455 487 521 deinde
498 457 616 521 iterum
626 456 706 522 illud
718 481 941 546 recuperasse,
953 459 1056 539 ejecto
1065 460 1182 524 iterum
1194 459 1303 542 Peleo,

239 585 278 626 ex
294 561 466 650 Euripide,
483 562 601 628 Troad.
630 566 731 647 1126,
750 582 855 653 patet,
886 567 943 654 qui
962 564 1036 630 ideo
1051 565 1303 653 Neoptolemum

238 667 306 732 sive
328 667 507 756 Pyrrhum,
533 669 665 734 Achillis
684 669 803 753 filium,
822 693 1010 761 properasse
1028 670 1172 735 reditum
1190 693 1304 736 versus

240 773 392 838 Phthiam
418 775 536 855 refert,
563 776 638 863 quia
654 775 819 840 audiverat
841 782 997 841 Acastum
1019 777 1179 866 pepulisse
1201 797 1304 866 regno

240 901 338 943 arum
357 879 467 960 Pelea3
493 902 564 966 quae
582 901 649 943 non
673 882 757 970 cepit
776 905 921 971 nuperus
938 881 1046 946 editor
1064 882 1251 962 Barnesius,
1271 897 1305 945 et

240 985 399 1048 contrariu
413 982 591 1072 Euripiden
606 986 674 1050 aliis
687 985 813 1051 tradere
825 987 971 1052 credidit.
989 989 1051 1052 Hic
1063 988 1157 1052 etiam
1173 989 1306 1052 Acastus

243 1091 343 1180 patris
356 1092 451 1156 Peliae
463 1093 497 1155 in
510 1092 670 1158 honorem
682 1093 824 1159 instituit
834 1094 928 1159 ludos
941 1096 1094 1159 funebres
1105 1111 1136 1160 et
1147 1098 1304 1184 agonem,

244 1220 327 1285 quos
353 1221 436 1286 saepe
458 1221 476 1262 a
500 1199 678 1286 pictoribus
704 1217 736 1264 ct
753 1200 928 1265 artificibus
955 1223 1121 1289 expressos
1146 1217 1307 1265 memorat

173 1369 176 1374 ,
243 1303 381 1368 Pausan.
398 1320 436 1368 ut
452 1304 507 1369 lib.
524 1305 570 1368 III
580 1355 589 1388 ,
611 1305 719 1388 183V,
736 1330 793 1394 173
810 1309 875 1388 VI,
894 1329 956 1391 2⁰3
980 1307 1041 1371 hos
1058 1307 1192 1397 Argivos
1213 1323 1308 1370 vocat

242 1410 360 1499 Hygin.
379 1409 444 1474 fab.
462 1409 545 1497 273,
568 1411 601 1475 iu
626 1412 748 1500 iisque,
767 1413 823 1500 qui
836 1413 1001 1495 vicerunt,
1019 1429 1187 1478 enumerat
1204 1412 1307 1500 pluri·

243 1536 314 1578 mos
324 1516 542 1604 Argonautas,
557 1517 631 1582 vide
645 1518 679 1580 in
696 1513 800 1582 Calai.
827 1519 931 1607 Ipsius
954 1519 1050 1583 etiam
1067 1520 1181 1582 Acasti
1193 1517 1308 1607 imagi·

243 1641 330 1702 nem,
340 1637 456 1708 praeter
463 1623 665 1710 Argonautas
677 1623 829 1711 reliquos,
839 1624 975 1688 maxima
985 1645 1062 1688 cura
1073 1623 1178 1712 pinxit
1186 1622 1308 1703 Micon,

245 1742 277 1788 et
290 1726 358 1804 ejus
371 1748 489 1814 equos,
508 1743 590 1792 teste
602 1726 729 1808 eodem,
744 1728 799 1803 Iib.
814 1728 848 1809 I,
867 1729 916 1794 18.
929 1731 978 1792 De
991 1745 1097 1792 morte
1108 1728 1214 1793 Acasti
1228 1726 1310 1791 nihil

246 1830 324 1894 certi
353 1833 458 1918 reperi
472 1855 480 1897 :
493 1855 567 1896 nam
596 1831 685 1920 quod
706 1833 867 1896 Morerius
892 1857 968 1898 eum
995 1856 1012 1896 a
1037 1834 1135 1898 Peleo
1165 1833 1308 1898 occisum

246 1952 370 2018 rrarrct,
398 1939 540 2026 eitetque
557 1961 626 2002 eam
645 1939 678 2001 in
707 1961 775 2002 rem
794 1938 1017 2028 Supplementi
1043 1955 1158 2003 auctor
1176 1937 1310 2026 Apollo·

246 2040 317 2106 dori
333 2044 452 2109 librum
469 2045 534 2121 ΙΙΙ,
553 2044 698 2109 ibinihil
714 2044 755 2108 de
777 2045 845 2126 ejus
863 2061 968 2109 morte
982 2045 1111 2134 legitur.

293 2284 446 2349 AGTOR.
466 2287 537 2350 Hoc
547 2265 680 2350 nomine
694 2287 824 2374 plurimi
840 2288 872 2350 in
889 2287 1035 2376 mythico
1054 2285 1172 2350 saeculo
1185 2286 1310 2350 Heroes

247 2390 489 2478 memorantur(
494 2390 534 2478 ι),
550 2415 634 2480 quos
643 2393 697 2456 hic
708 2415 898 2458 enumerare
910 2392 991 2457 nihil
1001 2393 1136 2455 attinet:
1153 2389 1310 2479 quosdam

248 2497 409 2558 recensuit
426 2496 573 2560 Barthius
591 2497 631 2561 ad
645 2497 737 2561 Statii
755 2498 859 2563 Theb.
876 2498 1037 2578 lib.VlII,
1059 2497 1135 2579 1523
1152 2513 1185 2560 et
1202 2497 1311 2560 Meze-

248 2602 353 2664 riacus
369 2601 411 2665 ad
427 2602 563 2692 Epistol.
582 2603 689 2667 Ovidii
705 2603 861 2692 primam,
876 2628 909 2692 p.
926 2604 978 2669 38.
996 2603 1057 2667 Ilic
1072 2624 1169 2683 vero,
1193 2601 1257 2690 qui·
1267 2601 1308 2665 ab

249 2707 379 2797 Hygino
409 2724 441 2772 et
468 2710 644 2797 ApollonIo
675 2708 906 2803 adnumeratur
933 2709 1142 2798 Argonautis,
1175 2707 1215 2771 ab
1243 2707 1311 2770 aliis

250 2814 408 2896 omissus,
434 2812 552 2879 dicitur
568 2815 667 2879 fuisse
695 2816 827 2904 Hippasi
853 2813 955 2896 filius,
977 2830 1010 2878 et
1031 2813 1310 2902 Peloponnesios:

251 2919 319 2985 duo
335 2943 412 2984 vcro
421 2921 556 3010 Hippasi
566 2937 787 2984 memorantur
799 2918 988 3000 abundio,
1004 2941 1091 2983 unus
1107 2919 1194 2981 iuter
1208 2917 1311 2980 socios

252 3026 403 3116 Meleagri
420 3027 452 3090 in
471 3028 642 3091 venatione
662 3027 730 3114 apri
750 3023 938 3114 CalydonIi,
954 3024 1032 3088 Met.
1049 3024 1212 3104 Iib.VIII,
1232 3021 1312 3101 313,

253 3133 310 3220 qui
326 3133 366 3197 ab
386 3132 532 3223 Hygino,
557 3133 621 3197 sah.
649 3130 727 3218 173,
743 3131 863 3196 dicitur
883 3131 999 3219 Euryti
1015 3128 1098 3193 filius
1113 3153 1122 3210 ;
1136 3129 1214 3193 alter
1230 3128 1314 3192 Inter

256 3241 454 3320 Centauros,
472 3238 603 3302 Metam.
630 3237 685 3302 Iib.
702 3238 782 3319 XII,
807 3235 887 3317 3523
905 3237 939 3299 in
959 3258 1023 3324 qua
1044 3257 1151 3324 pugna
1175 3237 1314 3298 Centau-

252 3368 365 3409 rorum
384 3361 416 3409 et
431 3345 639 3433 Lapitharum
654 3343 750 3406 etiam
770 3359 969 3411 memoratur
986 3341 1148 3430 Eurytus,
1164 3339 1317 3403 omnium¹

254 3451 492 3512 Centaurorum
509 3448 714 3530 saevissimus,
732 3447 772 3510 ab
789 3444 905 3511 eodem
920 3446 1037 3527 Poeta,
1057 3469 1088 3510 r.
1108 3468 1179 3508 aao.
1203 3444 1314 3507 Potuit

253 3576 331 3642 ergo
350 3570 487 3643 uterque
511 3554 564 3618 ille
583 3553 738 3642 Hippasus
759 3574 845 3616 unus
864 3568 897 3616 et
911 3549 998 3616 idem
1016 3551 1136 3633 fuisse,
1159 3551 1216 3638 qui
1237 3571 1312 3613 cum

254 3677 344 3749 patre
351 3661 446 3724 simul
456 3677 567 3724 contra
577 3659 726 3748 Lapithas
735 3659 934 3750 pugnaverit,
942 3675 975 3723 et
983 3658 1071 3723 solus
1080 3673 1191 3722 contra
1199 3678 1313 3744 aprum

255 3767 354 3832 abiit:
374 3782 512 3854 utraque
530 3765 617 3830 enim
631 3765 683 3829 illa
703 3764 866 3855 expeditio
878 3765 996 3844 juvene
1012 3765 1149 3830 Nestore
1165 3761 1312 3848 contigit.
1401 3771 1405 3775 '

256 3872 318 3938 Sed
343 3894 448 3960 quum
472 3871 552 3935 nihil
574 3871 627 3935 hic
652 3873 731 3935 certi
748 3870 892 3952 videam,
916 3869 996 3935 nihil
1019 3892 1151 3958 quoque
1179 3866 1315 3931 affirmo.

292 4095 330 4189 (i)
348 4121 425 4175 Cous.
439 4125 546 4186 Verhejl
562 4119 596 4174 ed
608 4123 703 4174 Aulon.
713 4117 825 4173 Liheral.
834 4137 863 4190 p.
875 4120 933 4173 256.
948 4117 1035 4170 Haut.
