3006 4676
232 389 295 432 uuo
341 367 395 432 ΙΝ
426 367 513 432 LlB.
538 366 769 431 OCTAVUM
797 365 1210 432 ARGONAUTICON

232 486 281 538 232
295 483 446 556 sq.etV11‚
459 483 522 548 635,
534 495 628 537 neutro
639 495 727 538 tamen
742 483 801 538 loeo
815 496 868 537 tem
880 483 1000 556 copiose,
1010 501 1089 556 quant
1103 495 1195 538 nonan
1204 521 1212 546 ,
1221 486 1299 555 eujus

231 587 294 640 ergo
306 567 411 639 singula
424 567 569 621 rideamus.
582 593 593 614 ι
609 599 644 608 -
661 567 784 640 Sequitur
797 568 981 639 interpretatio
991 567 1071 640 quain
1084 567 1145 620 vide
1158 585 1220 640 pag.
1238 568 1296 620 188.

230 649 450 804 ggpiilpeggup
474 669 541 722 quos
565 651 617 704 hoc
645 651 705 706 loco
732 651 822 706 laudat
845 652 1013 723 Wagnerue‚
1037 651 1082 706 hic
1109 651 1297 724 apposuimus,

270 789 273 796 .
295 771 302 784 ·
358 769 366 798 t
440 773 447 786 ·

385 847 427 894 Est
437 848 515 902 locas.
527 847 663 896 iu'l‘llterim
671 863 719 910 qua
732 847 836 896 lubricus
846 848 924 896 influit
938 849 1020 904 Almo,

417 923 448 969 Et
456 938 542 970 nomen
551 938 637 985 magno
648 921 727 985 perdit
735 924 766 970 ab
774 941 843 972 amne
851 925 942 972 mium:

388 995 440 1043 lilio
450 1013 570 1059 purpurea
580 1013 653 1044 canoa
663 1013 718 1044 eam
729 1009 793 1046 reete
804 1001 913 1048 sacerdot

416 1071 522 1118 Almonis
536 1071 654 1119 dominam
665 1087 779 1136 ucraque
789 1074 848 1122 lavit
857 1075 932 1137 aquia.

268 1198 301 1250 V.
313 1200 372 1263 243.
386 1203 462 1262 Inde,
478 1205 520 1252 ubi
531 1205 658 1274 saen'fieas
672 1223 727 1254 eum
740 1204 843 1270 conjuge
853 1202 923 1250 venit
935 1202 973 1250 ad
980 1219 1039 1250 aras

391 1287 533 1346 AEsonides,
544 1305 642 1354 unaque
655 1289 761 1346 adeunt,
770 1287 915 1353 pariterque
923 1286 1026 1352 precari

392 1371 529 1437 Incipiunt,
542 1373 622 1438 ignem
631 1373 723 1423 Pollux
736 1371 876 1436 undamque
881 1371 995 1437 jugalem

391 1455 515 1516 Praetulit,
526 1457 680 1506 sardenarum
687 1455 786 1522 pariter
798 1465 929 1504 vertantur
940 1453 966 1501 in
976 1453 1066 1502 orbern.

233 1607 246 1628 ι
255 1581 357 1656 Pompa
369 1584 396 1636 in
411 1585 538 1656 templum
549 1584 630 1639 ducta
641 1603 725 1658 quum
738 1585 765 1636 in
781 1582 846 1636 navi
857 1582 900 1634 vel
911 1581 987 1634 litore
1001 1580 1088 1632 locum
1102 1597 1155 1632 non
1177 1578 1302 1642 haberet,
1336 1601 1340 1612 ·

233 1669 271 1715 ad
280 1683 354 1720 aram
365 1666 444 1720 ducta
454 1708 462 1734 ,
474 1689 525 1720 una
537 1671 643 1721 ueniunt
655 1671 692 1720 ad
702 1687 774 1728 aras,
783 1668 928 1734 pariterque
931 1667 1035 1733 precari
1043 1666 1170 1732 uwt'gtiunt.
1182 1662 1304 1716 Praelere·

233 1748 313 1802 batur
325 1752 388 1820 ι’θπίι
400 1767 423 1803 et
434 1772 511 1820 qua.
525 1753 622 1806 Facem
635 1751 761 1823 preferre
773 1749 876 1804 solebat
889 1767 954 1820 puer
967 1747 1110 1820 patrimus,
1124 1749 1199 1818 cujus
1212 1765 1302 1818 perso-

192 1895 195 1902 ,
233 1848 297 1884 nam
317 1849 389 1886 nunc
406 1834 535 1889 sustinere
553 1835 690 1889 Pollucem
712 1835 824 1887 fortasse
839 1831 961 1885 Valerius
976 1831 1052 1902 jubet
1069 1831 1129 1883 lusu
1146 1830 1303 1892 verborum,

235 1931 303 1985 puer
324 1914 395 1968 euim
417 1916 464 1971 ille
484 1917 624 1972 dicebatur
638 1922 749 1987 proelua.
762 1943 775 1962 a

273 1995 316 2050 Sic
329 1989 494 2068 Wagnerus.
514 1999 601 2054 Credo
621 2000 709 2072 potius
728 2018 759 2053 ea
777 2009 866 2052 mente
880 1997 1017 2052 Valerium
1035 2014 1119 2050 unum
1139 2015 1154 2050 e
1170 1995 1305 2052 Dioscuris

232 2083 366 2145 proelueem
384 2081 509 2154 elegisse,
529 2082 603 2155 quod
619 2101 711 2136 eorum
728 2082 810 2136 fronti
822 2085 975 2149 praelucebat
992 2079 1080 2146 stella,
1100 2093 1129 2134 ut
1150 2079 1306 2153 plerumque

236 2159 341 2231 fingunt
349 2176 433 2234 poette
442 2186 450 2229 ;
458 2165 633 2230 develet-V,
646 2167 697 2236 367
707 2181 840 2234 :astroque
850 2179 974 2216 comantes
988 2168 1148 2231 Tyndaridas.

273 2243 316 2299 sic
332 2247 418 2318 pergit
426 2249 601 2320 Wagnerus:
619 2249 728 2302 «Porro
747 2261 908 2301 memoratur
926 2250 1062 2298 adoratio.-
1074 2246 1198 2300 dextrum
1209 2247 1307 2319 pariter

238 2337 378 2382 vertuntur
391 2330 419 2384 in
431 2332 524 2386 orbem
533 2349 542 2396 ;
552 2331 643 2386 dextra
657 2333 727 2386 euim
741 2333 776 2386 ad
788 2351 818 2386 oe
832 2329 916 2398 (unde
927 2332 1070 2400 adoratio),
1090 2329 1198 2384 admota
1211 2349 1307 2400 corpus

238 2411 460 2484 circumagebant.
474 2415 590 2483 Plinius,
607 2415 672 2470 tun.
682 2418 741 2470 Nat.
753 2415 890 2482 XXVIII,
914 2433 928 2466 a
941 2431 948 2466 t
963 2417 989 2465 in
1002 2399 1132 2464 adorando
1145 2417 1261 2466 dextram
1272 2417 1309 2465 ad

238 2498 346 2546 osculum
356 2497 482 2566 referimus
486 2521 496 2560 ;
507 2513 585 2550 toturn
593 2519 681 2568 corpus
691 2495 884 2568 circumegimtu.
895 2497 976 2550 Plura
986 2497 1032 2569 qui
1044 2496 1116 2568 cupit
1123 2538 1131 2565 ,
1139 2495 1215 2550 adeat
1227 2497 1306 2550 inter·

239 2589 326 2648 pretes
335 2579 369 2633 ad
378 2581 496 2636 Suetonii
504 2583 595 2638 Vitell.
608 2587 637 2638 ll
649 2609 672 2636 ι.

274 2661 426 2734 legendum
446 2683 540 2719 censeo
555 2683 562 2719 :
583 2684 608 2720 et
622 2666 744 2721 dextrum
758 2667 856 2741 pariter
869 2680 997 2719 uertuntur
1009 2666 1037 2718 in
1050 2665 1153 2719 orbem.
1169 2664 1307 2734 videm.

237 2741 298 2798 lect.
309 2744 462 2819 lleiasiique
474 2761 574 2804 notam.
589 2751 759 2806 Burmannus
772 2751 799 2804 iu
812 2752 886 2804 hunc
897 2769 999 2804 morem
1014 2750 1070 2802 hec
1083 2761 1159 2804 notat
1173 2767 1181 2803 τ
1201 2775 1215 2797 ι
1228 2756 1308 2804 Recte

240 2827 318 2893 Pius,
332 2829 478 2901 Maserius,
490 2847 516 2888 et
525 2833 674 2902 Weitzius,
688 2835 745 2890 haec
762 2835 797 2890 de
808 2838 967 2894 adoratione,
979 2833 1007 2885 in
1020 2851 1073 2905 qua
1088 2853 1116 2888 se
1128 2835 1265 2888 vertebant
1279 2834 1307 2886 in

241 2911 364 2968 dextrum
379 2918 487 2986 orbem,
504 2920 525 2972 si
545 2921 603 2974 lata
622 2933 698 2974 erant
715 2939 809 2985 sacra,
829 2919 1031 2991 explicuerunt:
1051 2930 1077 2971 et
1096 2919 1185 2972 omnia
1204 2917 1239 2972 de
1256 2917 1308 2971 hoc

241 2996 293 3051 ritu
312 3000 406 3070 obvia,
431 3002 457 3055 in
474 3005 591 3058 tristibus
607 3017 633 3059 et
650 3006 766 3060 funereis
783 3005 879 3066 sacris,
889 3003 916 3054 in
929 3001 1064 3055 sinistrum
1074 3001 1219 3055 revertisse
1231 3027 1254 3054 ι.

275 3082 317 3138 Sic
326 3083 424 3140 deinde
432 3088 598 3159 Wagnerus:
611 3115 623 3137 ι
634 3090 690 3142 Nec
702 3092 814 3157 auspicia
827 3087 986 3150 defuerunt,
1000 3086 1056 3140 siue
1069 3087 1166 3159 quibus
1184 3085 1252 3138 nihil
1267 3087 1309 3139 vel

240 3165 346 3237 publice
356 3169 398 3222 vel
411 3170 535 3242 privatim
547 3172 689 3244 agebatur3
709 3171 802 3225 confer
819 3170 875 3224 Cio.
893 3169 927 3224 de
945 3169 1058 3224 Divinat.
1075 3171 1103 3234 1,
1118 3173 1165 3234 ιδ,
1185 3183 1211 3224 et
1219 3171 1308 3225 Valer.

241 3248 311 3303 Max.
321 3253 366 3316 II,
379 3271 401 3306 ι.
415 3255 484 3326 Apte
494 3254 573 3327 igitur
586 3266 663 3327 poeta
675 3253 783 3326 auspicii
799 3253 842 3307 vel
855 3252 943 3325 potius
959 3253 1042 3306 thurin
1061 3251 1184 3306 adolendi
1200 3254 1310 3307 cerimo-

241 3331 313 3386 niam
324 3335 439 3408 migrat
450 3343 538 3406 Mopso
550 3339 662 3410 auguri,
675 3337 721 3412 qui
731 3349 819 3390 tamen
834 3336 917 3391 tristia
930 3337 1018 3390 omnia
1030 3335 1136 3392 videbat
1147 3334 1270 3410 portendi
1279 3363 1299 3386 ι.

277 3476 312 3529 V.
325 3478 384 3531 263.
396 3481 531 3546 Diramque
537 3496 650 3547 premens
660 3482 767 3530 clamore
776 3497 893 3530 sororem.
903 3507 938 3518 -
948 3480 982 3532 Τὸ
992 3493 1105 3544 premens
1116 3478 1223 3525 elamore
1235 3492 1311 3528 vena-

243 3557 307 3611 toris
319 3557 434 3630 predam
447 3560 569 3614 sectantis
582 3559 723 3632 imaginem
733 3561 918 3632 prebetvirg.
929 3559 1026 3630 Georg.
1038 3558 1093 3619 111,
1106 3557 1157 3620 413
1169 3563 1311 3628 :Ingentem

243 3641 358 3696 clamore
370 3661 474 3716 premet
485 3648 523 3696 ad
533 3648 596 3696 retia
609 3663 719 3706 cervam
730 3657 756 3697 et
768 3647 829 3698 AEn.
842 3645 869 3710 1,
886 3645 945 3707 324.
989 3645 993 3656 '

200 3799 203 3806 ’
277 3801 314 3852 V.
331 3803 389 3866 ²64.
404 3806 485 3870 Atque
494 3803 568 3854 lane.
581 3833 615 3842 —
630 3801 789 3874 Legendum
803 3803 886 3856 forte:
898 3807 977 3870 Usque
991 3803 1063 3851 lane.

281 3951 315 4003 V.
328 3953 388 4006 ²86.
399 3958 492 4021 Perque
503 3955 564 4004 ratis
572 3957 674 4020 supplex
683 3973 737 4004 vox
746 3954 842 4022 remigis
852 3955 896 4004 illa
905 3954 1098 4018 magistron-u
1107 3950 1195 4002 Locus
1205 3947 1313 4009 similis,

248 4035 432 4108 1v‚ct7‚ud
454 4047 542 4089 noster
555 4035 784 4109 depravatus‚cui
802 4054 856 4090 non
876 4053 957 4088 unam
976 4034 1061 4088 labem
1075 4031 1262 4104 adaperuerunt
1282 4033 1314 4082 li·

247 4119 339 4174 brarii.
355 4119 437 4172 Varia
456 4130 591 4173 tentarunt
609 4120 780 4193 interpretes,
799 4131 827 4173 ut
849 4119 928 4172 nitori
952 4137 1000 4172 suo
1018 4119 1105 4172 locum
1129 4115 1312 4178 restituerent,
