3006 4676
256 361 318 428 282
688 358 880 424 ORPHEI

297 493 468 559 Indomitis
484 493 560 558 litus
579 508 693 561 votum
708 509 757 558 est
769 492 928 561 heroibus
946 514 1061 557 unum.

184 646 189 651 ·
296 610 509 697 Exspectatur
525 607 567 672 ab
583 607 634 674 his
648 623 703 674 tun
720 631 782 692 vor
797 606 922 688 dimna,
938 607 1133 694 chelysque5.
1259 684 1264 693 „

298 721 348 786 'l'e
366 737 496 812 sperant
517 722 671 790 comitem
692 722 822 812 pelago,
843 722 1037 810 sociumque
1056 720 1215 787 laborum.

299 836 384 902 Nam
404 859 512 926 neque
525 859 618 918 mons
639 836 716 902 dare
732 837 802 906 veta
815 835 892 902 viris
906 837 942 900 in
958 836 1097 904 barbara
1112 857 1212 925 regna
1301 871 1330 909 ,ο

297 953 345 1016 Te
365 951 452 1034 sine,
471 952 528 1039 qui
551 951 700 1027 tenebras
723 949 763 1016 de
785 966 836 1015 tot
853 950 1045 1036 mortalibus
1063 971 1150 1016 uuus

297 1067 425 1141 Aeoesti
441 1065 632 1148 horrentes,
655 1081 689 1130 et
708 1088 780 1153 qun
799 1064 889 1132 rudis
911 1065 1025 1134 ultima
1041 1087 1151 1132 rerum

296 1180 415 1246 Abdita
430 1203 464 1245 se
480 1183 590 1270 posuit
603 1182 722 1265 tellus,
731 1197 828 1268 atque
842 1180 917 1246 inde
931 1180 1053 1250 redisti.

297 1297 389 1362 Hanc
404 1297 505 1384 igitur
519 1297 639 1370 molem
653 1298 836 1367 eommunis
851 1297 935 1368 ferre
953 1297 1093 1377 laboris,
1120 1331 1123 1338 ν

296 1409 504 1500 Nominaque
521 1412 590 1500 ipsa
605 1412 684 1478 velis
701 1427 756 1476 tua
769 1413 852 1478 clara
866 1411 1039 1501 nepotibus
1057 1434 1137 1478 esse.
1149 1444 1162 1468 ι»
1301 1429 1326 1478 ⁹⁵

160 1613 167 1621 Ι
299 1523 380 1591 Inde
392 1547 453 1615 ego
468 1549 541 1590 sum
558 1527 613 1592 nli
632 1525 832 1615 respondens
849 1548 929 1590 voce
941 1527 1119 1614 loquutus:

340 1640 744 1730 «AEsonida‚q11idtnntn
763 1665 896 1708 moveos
914 1642 1057 1710 hortaris
1071 1657 1105 1708 et
1120 1663 1215 1731 urges
1310 1725 1318 1730 -

297 1757 350 1820 lre
367 1757 567 1844 procellosas
575 1773 696 1822 armata
711 1779 821 1846 puppe
836 1781 895 1846 per
909 1757 1035 1838 undas,

296 1873 342 1937 Ut
356 1872 485 1936 veniam
500 1873 645 1937 Colcbon
664 1873 783 1960 Minyis
795 1871 925 1954 adjutor
938 1871 979 1938 ad
993 1871 1131 1938 urbem?

295 1989 339 2051 At
355 1986 434 2052 mihi
449 1987 515 2067 jam
534 1989 609 2052 satis
626 2003 674 2051 est
693 2011 847 2076 operum,
862 1989 937 2052 satis
960 2005 1057 2076 etque
1071 1987 1240 2067 laborum,
1288 2017 1327 2044 roo

297 2103 344 2166 Ex
359 2125 426 2190 quo
442 2118 601 2194 terrorum
614 2101 680 2164 vidi
695 2104 766 2170 loce
778 2105 936 2190 plurima,
955 2119 987 2184 et
1003 2102 1118 2185 urbes,

296 2215 430 2305 AEgypti
449 2216 628 2304 Libyesque
644 2216 720 2282 viris
738 2219 866 2282 oracula
884 2239 1056 2306 promens,

259 2359 264 2366 ¹
298 2331 339 2396 Et
351 2353 405 2394 me
417 2331 556 2396 sollicito
568 2331 700 2396 tandem
715 2333 880 2397 revocavit
895 2332 936 2397 ab
953 2349 1034 2397 testu

294 2445 484 2526 Errantem,
503 2446 536 2510 in
553 2445 756 2534 patriamque
771 2468 887 2533 parens
903 2444 1092 2526 venerande*
1103 2445 1250 2528 reduxit,

295 2559 340 2623 Ut
355 2575 483 2624 teneam
500 2557 613 2624 tardos
628 2558 796 2627 morientis
815 2575 961 2648 tempore
980 2583 1088 2626 canos.
1286 2580 1325 2619 10⁵

294 2671 358 2737 Sed
375 2695 483 2761 neque
495 2673 607 2740 fatales
622 2672 669 2740 fas
688 2690 737 2738 est
753 2673 833 2738 mihi
854 2675 978 2741 solvere
992 2675 1096 2762 leges:

295 2787 467 2852 Parnasum
482 2811 534 2856 me
548 2787 636 2867 jussa
651 2787 804 2853 trahuntz
823 2811 941 2878 magno
954 2788 1035 2854 mihi
1050 2803 1202 2875 opustent

234 2911 235 2916 ’
295 2901 357 2965 Per
372 2923 546 2966 numerum
564 2903 696 2989 quaesita
712 2901 816 2983 Jovis3
831 2902 1029 2989 jamjamque
1046 2924 1232 2990 sequemur,

294 3017 383 3080 Inter
396 3031 430 3080 et
441 3016 556 3080 heroas
570 3015 672 3096 [rostri
689 3013 938 3080 numerabimur
953 3017 1012 3080 nevi
1022 3045 1044 3079 u.

337 3131 432 3193 Tunc
447 3151 581 3217 qnoque
596 3105 779 3216 digrediens
799 3143 929 3190 antrum
947 3127 1141 3216 peramabile
1154 3128 1251 3216 liqui,
1283 3160 1323 3186 ιω

294 3241 470 3308 Ducisona
486 3241 664 3307 eomitante
680 3240 976 3330 lyre‚.Minyasque
987 3257 1168 3332 sequutus,

294 3358 394 3424 Alans
408 3356 547 3448 pedibus
561 3356 755 3446 Pagasarum
768 3356 809 3422 nd
824 3358 919 3422 litora
928 3359 1020 3426 'vent

293 3473 355 3538 Hie
372 3489 443 3538 tum
458 3472 595 3538 bellaces
611 3487 751 3560 angusto
769 3472 804 3536 in
821 3471 914 3540 litore
932 3473 1021 3538 Graii

294 3589 379 3652 Cum
394 3587 526 3659 fremitu
542 3585 583 3652 ad
599 3587 684 3674 ripas
697 3585 982 3654 condensabantur
996 3589 1129 3654 Annuri

298 3703 407 3790 Atque
418 3701 477 3765 ubi
488 3700 552 3780 jem
567 3721 695 3791 gressus
710 3717 856 3790 spectent
869 3723 922 3766 me
934 3701 1017 3766 ferre
1032 3703 1252 3792 propinquos,
1284 3726 1322 3762 ns

294 3816 465 3881 Exsultant
477 3815 608 3908 primis,
622 3832 656 3880 et
670 3815 787 3904 gaudia
801 3817 942 3905 plurima·
952 3835 1102 3905 carpunt.

294 3934 368 4020 lpse
382 3953 479 4019 super
493 3933 589 3998 tontis
604 3955 752 4022 quaerens
766 3931 920 3997 heroibus
935 3932 1022 3996 ibam

295 4047 442 4112 Herculis
461 4071 497 4112 ao
516 4049 658 4137 primum
673 4048 826 4136 conspexi
844 4047 940 4112 fortia
955 4047 1019 4112 divi
1123 4081 1143 4091 -
