2994 4702
511 371 943 440 ARGONAUTARUM.
1194 377 1255 443 365

200 493 282 558 lilius
308 496 369 558 fnit
392 495 573 576 Leonteus,
591 495 647 583 qui
670 495 702 558 in
730 495 850 575 bellurn
865 497 1042 577 ijanum
1066 521 1141 562 cum
1161 501 1257 590 Poly-

200 615 297 687 poete,
311 597 376 662 filio
397 597 553 679 Pirithoi,
569 601 733 687 proiectus
753 601 832 683 fuit,
851 600 924 666 vide
946 603 1078 667 Homer.
1102 604 1192 671 iliad.
1209 608 1256 686 ll,

199 708 282 792 744,
302 704 358 768 ubi
369 705 557 770 Eustathius
570 703 664 786 dicit,
683 728 757 770 eum
776 729 851 770 cum
867 705 1033 796 Polypoete
1047 709 1255 796 Lapitharum

198 808 316 874 ducent
330 809 429 875 luisse
443 812 581 893 facturn,
595 833 698 899 quum
711 809 876 876 Pirithous
890 835 965 877 cum
975 813 1101 878 Theseo
1113 815 1155 878 ad
1172 816 1255 880 infe-

197 938 251 978 ros
271 915 506 1004 expeditionem
523 933 719 1005 sumpserat,
736 918 895 1007 rapiendas
913 920 1112 1010 Proserpinae
1134 945 1254 987 caussa.

197 1021 347 1086 Meminit
359 1022 427 1102 ejus
445 1023 540 1086 etiam
557 1024 686 1112 Dictys,
696 1022 749 1087 lib.
763 1025 876 1115 l,cap.
896 1023 934 1088 13
943 1048 952 1106 ς
962 1043 994 1090 et
1005 1025 1134 1114 Hygino
1143 1075 1153 1110 ,
1162 1050 1189 1092 c.
1201 1050 1256 1116 97,

197 1129 338 1194 restituit
362 1152 438 1193 eum
460 1131 619 1218 Micyllus.
641 1128 802 1194 Eumdcrn
821 1131 905 1196 inter
921 1153 1037 1219 procos
1055 1133 1184 1198 Helenae
1202 1158 1255 1200 re·

198 1251 306 1300 censet
322 1235 560 1323 Apollodorus,
574 1236 630 1300 lib.
648 1237 715 1318 ΙΙΙ,
729 1259 798 1324 cap.
815 1257 848 1322 9,
865 1245 880 1311 ς
895 1235 925 1301 8.
940 1239 1000 1301 An'
1010 1237 1062 1302 hio
1077 1239 1175 1306 haerit
1193 1239 1253 1304 Co·

195 1362 289 1404 renus
310 1339 362 1404 ille
384 1341 517 1428 Lapitha
542 1342 606 1428 (ita
634 1342 721 1406 enirn
746 1357 827 1430 puto
849 1342 1059 1425 vertendum,
1078 1366 1145 1408 non
1159 1341 1255 1432 filius

196 1446 358 1534 Lopt'tltoe)
374 1448 465 1527 cujus
489 1446 586 1512 liliam
610 1447 747 1538 Lysiden
767 1448 844 1528 Ajax
866 1448 981 1512 hahuit
1004 1471 1155 1526 uxorem,
1174 1466 1253 1514 teste

194 1551 358 1640 Stephano
380 1553 413 1616 in
437 1559 557 1633 φιλαὶδα,
581 1555 763 1635 nesci03ex
786 1552 933 1618 hisvero
958 1553 1114 1618 Philaeum
1141 1571 1252 1620 natum

194 1654 271 1720 dicit
287 1656 488 1746 Stephanus3
503 1674 535 1722 et
552 1656 754 1739 Herodotus,
766 1657 823 1722 lib.
837 1658 898 1732 vt,
913 1655 965 1738 35,
981 1657 1133 1726 Miltiadis
1150 1681 1252 1748 genus

194 1759 380 1843 exPhilaeo,
396 1761 462 1826 filio
478 1763 596 1845 Ajacis,
615 1761 762 1843 deducit,
780 1762 836 1851 qui
843 1761 1034 1828 Atheniensi
1050 1763 1176 1828 civitate
1191 1763 1252 1829 do·

194 1882 299 1949 natus,
310 1868 424 1932 tribuit
440 1889 559 1932 nomen
578 1868 677 1932 tribui
689 1867 925 1948 Philiadarum;
944 1869 1052 1932 nescio
1068 1891 1145 1933 vero
1163 1870 1251 1935 unde

193 1974 227 2036 in
244 1971 384 2038 indicem
401 1974 569 2039 retulerint
588 1970 727 2038 editores
746 1973 903 2038 Philaoum
921 1973 1012 2038 AEaci
1030 1971 1148 2056 filium3
1165 1993 1250 2040 certe

192 2080 375 2146 Herodotus
390 2079 425 2144 id
437 2103 503 2144 non
516 2077 613 2159 dicit,
630 2078 687 2144 sed
699 2079 804 2158 Ajacis
816 2077 920 2144 filium
933 2080 1049 2161 fuisse,
1071 2095 1152 2146 utet
1165 2081 1250 2145 Mar·

191 2186 324 2250 cellinus
340 2203 452 2250 auctor
462 2186 534 2250 ritae
544 2183 744 2275 Thucydidis
758 2185 791 2248 in
809 2184 921 2266 initio,
934 2184 992 2249 ubi
1003 2196 1104 2255 causa
1117 2185 1250 2267 dicitur,

192 2291 249 2356 uhi
267 2291 445 2356 Hudsonus
461 2313 499 2356 ex
515 2291 584 2356 aliis
599 2290 810 2379 scriptoribus
826 2289 981 2356 Philseum
999 2289 1089 2356 hunc
1102 2292 1248 2358 illustrat.

191 2397 279 2460 Alius
293 2399 444 2477 Coranus,
461 2395 543 2462 lilius
553 2395 764 2479 Thersandri,
776 2393 938 2460 abeodem
950 2397 1114 2485 Stephano
1129 2420 1251 2463 merno-

190 2517 280 2566 ratur
299 2504 333 2567 in
348 2513 486 2584 tostus,
499 2503 556 2591 qui
573 2501 778 2566 Thersander
800 2501 863 2566 luit
883 2499 966 2566 filius
990 2501 1163 2592 Polynicis,
1175 2503 1249 2570 vide

189 2607 295 2672 Schol.
313 2609 462 2696 Apollon.
479 2609 536 2691 lV,
556 2609 658 2694 1764,
673 2623 706 2671 et
720 2607 856 2672 Pausan.
877 2607 942 2687 IX,
956 2607 1014 2690 34,
1029 2609 1085 2696 qui
1102 2625 1134 2674 et
1144 2610 1248 2676 Ther·

189 2713 344 2779 sandrum
357 2715 484 2804 Sisyphi
496 2713 598 2778 filiurn
612 2713 697 2778 lacit.
813 2757 818 2768 -

233 2937 480 3004 GYLlNDllUS.
508 2939 604 3003 Hunc
633 2938 720 3000 solus
753 2935 900 3024 Hyginus
929 2939 1027 3001 refert
1052 2939 1138 3002 inter
1166 2937 1246 3004 lilios

189 3043 307 3132 Phryxi
334 3059 366 3108 et
387 3043 589 3132 Chalciopes,
603 3042 659 3130 qui
675 3063 714 3106 ex
731 3042 835 3104 insula
855 3043 912 3105 Dia
929 3043 1124 3130 Argonautis
1140 3065 1246 3108 acces·

187 3173 274 3231 serc;
286 3148 344 3214 sed
356 3170 458 3237 quum
476 3171 572 3236 nemo
583 3149 663 3212 alius
675 3170 751 3211 eum
762 3146 826 3210 hoc
838 3147 970 3212 nomine
984 3164 1154 3237 agnoscat,
1165 3165 1246 3236 puto

187 3273 377 3343 corruptum
386 3254 450 3319 hoc
461 3277 579 3319 nornen
589 3275 672 3334 esse,
687 3270 719 3318 et
732 3253 841 3316 locum
858 3250 1000 3316 dandum
1020 3255 1245 3336 CYTISOHO,

187 3363 243 3449 qui
261 3377 293 3425 et
310 3361 439 3446 Cytorus
454 3358 582 3440 dicitur,
598 3379 695 3446 quem
712 3378 826 3420 omncs
842 3372 1040 3446 agnoscunt,
1055 3374 1088 3422 et
1105 3359 1245 3424 Munle·

186 3489 240 3530 rus
268 3468 363 3530 etiam
390 3466 431 3529 ad
452 3465 514 3528 fab.
537 3463 555 3528 3
580 3485 640 3551 pro
659 3461 806 3549 Cytndro
829 3460 1053 3526 reducendum
1076 3463 1196 3547 credit,
1211 3483 1243 3530 et

187 3570 369 3654 Herodoto,
387 3571 478 3635 Meloe
495 3586 529 3634 ct
543 3569 611 3633 aliis
622 3567 804 3654 *Cflircmm
820 3565 883 3631 dici
901 3566 1022 3633 docuit.
1036 3569 1140 3634 Valer.
1160 3570 1243 3636 Flac.

186 3675 224 3756 V,
250 3674 332 3758 561,
348 3676 440 3740 etiam
468 3675 642 3761 Cytr‘sorum
656 3687 764 3748 vocat,
781 3687 819 3736 ut
841 3687 873 3736 et
891 3671 998 3736 Schol.
1020 3673 1167 3760 Apollon.
1195 3677 1243 3759 ΙΙ,

187 3781 266 3866 39⁰3
279 3797 310 3846 ct
325 3782 392 3870 ipse
403 3781 554 3869 Apollon.
569 3779 624 3844 lib.
640 3779 687 3853 ll,
701 3799 747 3841 rs.
767 3775 867 3864 11593
879 3778 1001 3866 reliqua
1013 3778 1087 3843 vide
1098 3781 1132 3843 in
1144 3784 1243 3868 Argo.

228 4005 435 4086 DEILEON,
448 4029 522 4070 curn
540 4003 690 4068 iratribus
704 4003 862 4090 Autolyco
879 4017 911 4066 et
923 4002 1060 4091 Phlogio
1076 4007 1244 4071 accessisse

185 4111 377 4199 Argonautis
403 4109 442 4174 ad
466 4111 605 4198 Sinopen
630 4108 749 4172 dieitur
767 4107 807 4171 ah
825 4107 976 4194 Apollon.
1000 4107 1048 4188 ΙΙ,
1061 4133 1108 4172 vs.
1123 4110 1198 4197 957,
1213 4129 1244 4176 et
