3022 4678
250 344 311 431 176
477 347 481 358 ·
513 313 517 318 ’
545 345 581 410 c.
605 342 802 409 vinnan
831 345 1003 412 nuncet

288 477 426 541 Exuvias
444 475 571 540 auferre
587 474 685 558 velis,
700 497 742 538 an
757 475 880 540 lumina
897 499 1015 542 somno
1284 475 1328 538 σε’

289 591 485 680 Mergimus,
506 605 540 655 et
555 588 717 654 domitum
730 591 840 678 potius
857 591 918 656 tibi
934 592 1092 657 tradimus
1105 615 1245 683 anguem
1255 595 1292 659 i.

287 707 344 772 llle
361 705 447 788 silet,
465 721 574 770 tantus
589 704 746 804 subiitut
759 706 891 795 virginis
909 706 1035 772 horror.

331 823 467 907 lamque
480 841 595 884 manus
614 819 741 884 Colchis
756 819 945 906 crinemque
961 819 1146 885 intenderat
1158 821 1268 916 astris,

287 935 437 1000 Carmina
451 933 618 1000 barbarico
636 932 776 998 fundens
793 933 895 1023 pede,
912 951 1011 1023 teque
1027 935 1151 1018 ciebat,

287 1048 408 1114 Somne
422 1063 513 1137 pater
524 1071 532 1114 ε
545 1078 558 1104 α
570 1049 690 1114 Somne
699 1047 922 1136 omnipotens,
940 1063 972 1112 te
985 1048 1114 1113 Colchis
1128 1050 1168 1113 ab
1182 1050 1273 1114 omni
1283 1079 1310 1119 το

288 1163 377 1228 Orbe
389 1185 487 1250 voco,
503 1162 604 1250 inque
620 1183 726 1225 unum
737 1161 839 1241 jubeo
861 1184 952 1226 nunc
966 1161 1013 1226 ire
1029 1160 1213 1228 draconem.

291 1276 373 1359 Qum
393 1276 474 1340 fieta
496 1297 579 1364 saepe
596 1292 654 1339 tuo
671 1273 802 1357 domui,
826 1298 899 1362 quae
915 1275 1026 1339 nubila
1041 1298 1162 1359 cornu,

286 1391 313 1454 F
314 1391 516 1478 ulminaque,
535 1404 568 1453 et
583 1404 653 1452 tcto
668 1386 828 1476 quidquid
842 1388 941 1453 micat
958 1389 1096 1470 aethere3
1110 1389 1168 1453 sed
1181 1411 1287 1470 nunc,

286 1504 403 1588 Nunc,
419 1525 494 1594 age,
508 1503 610 1583 major
624 1501 716 1584 ades,
729 1501 886 1590 fratrique
904 1503 1067 1568 simillime
1080 1502 1195 1567 Lethe.

285 1621 332 1684 Te
348 1640 496 1707 quoque,
512 1617 666 1706 Pbryxeae
682 1615 815 1705 pecudis
836 1615 990 1681 fidissime
1005 1633 1136 1696 custos,
1284 1637 1309 1690 7⁵

286 1733 429 1821 Tempus
443 1731 484 1796 ab
503 1731 565 1795 hac
579 1731 691 1794 oculos
705 1729 837 1794 tandem
857 1727 1028 1794 deflectere
1044 1753 1132 1796 cura.

286 1845 394 1928 Quem
410 1845 527 1910 metuis
542 1866 595 1909 me
611 1844 664 1908 hic
680 1859 783 1909 stante
802 1843 942 1909 dolum?
957 1845 1091 1908 servabo
1105 1865 1278 1933 parumper

286 1960 360 2048 Ipsa
373 1981 509 2042 nemus3
524 1959 659 2046 longum
678 1957 800 2022 interea
818 1974 856 2022 tu
872 1979 961 2045 pone
978 1958 1121 2024 laborem
1135 1988 1158 2022 ι.

273 2155 313 2204 66.
330 2155 529 2218 ΠσνςίωνΝιῑίο.
543 2154 595 2201 aod
612 2156 677 2201 lunt.
694 2153 749 2200 Ald.
766 2153 865 2215 lingant
882 2153 947 2201 Cara.
965 2178 995 2188 —
1011 2152 1051 2213 67.
1067 2153 1138 2200 subet
1151 2163 1205 2199 tum.
1217 2155 1309 2200 bonon.

241 2235 272 2281 ll.
290 2259 317 2270 -·
333 2235 373 2282 68.
390 2237 529 2298 Cimmtque.
547 2235 611 2282 Cart.
632 2233 663 2279 ll.
681 2232 772 2279 Vitiosa
790 2231 879 2279 loram.
899 2259 928 2270 -
951 2231 988 2293 76.
1007 2231 1093 2279 Oculis.
1110 2231 1186 2278 Vatia.
1206 2233 1259 2279 cod.
1278 2258 1309 2268 —

244 2327 283 2374 7⁷·
300 2313 338 2359 Ma
353 2313 388 2359 ta
402 2322 476 2360 sunta
490 2312 574 2359 dolum.
591 2311 629 2358 Sic
649 2311 712 2358 Pius.
729 2312 788 2358 Meis
806 2311 875 2358 tande
892 2311 976 2358 domm.
992 2311 1068 2358 Vatia.
1086 2310 1139 2358 cod.
1157 2313 1197 2359 Ma
1215 2310 1310 2358 taam

241 2395 321 2442 wem.
332 2395 423 2441 Boron.
432 2392 484 2440 cod.
494 2395 533 2441 Me
544 2394 642 2439 instante
652 2392 736 2439 aaa.
748 2391 808 2438 Edd.
819 2401 874 2438 ante
886 2393 952 2440 Cara.
964 2396 1004 2440 Me
1012 2401 1087 2439 stante
1094 2391 1176 2454 doum.
1188 2392 1253 2439 Cara.
1263 2393 1308 2439 En.

241 2581 275 2634 lis
292 2579 431 2634 effundam
449 2597 586 2653 soporem,
602 2591 632 2632 at
649 2593 754 2634 mortno
798 2599 852 2633 non
862 2579 939 2634 cadat
947 2579 1011 2648 (non
1021 2580 1101 2632 nimis
1109 2578 1308 2652 premendum),

243 2658 334 2713 similis
342 2659 436 2731 jaceat.
797 2658 1209 2731 verummitigasse,deleniviase,
1217 2659 1309 2711 vicisse

276 2742 321 2808 67.
336 2737 385 2790 llle
399 2740 463 2798 silet,
479 2736 591 2791 tacendo
606 2738 752 2804 consentit,
797 2749 916 2810 tempore
929 2749 1059 2792 nocturno
1074 2757 1101 2792 se
1117 2737 1205 2792 hacce
1219 2739 1309 2791 omnia

242 2829 273 2870 ut
291 2815 383 2870 Medea
402 2835 523 2890 soporem
543 2815 683 2869 immittere
697 2834 753 2869 ma·
797 2817 945 2888 profitetur.

241 2896 284 2964 lit,
298 2913 357 2969 qua
378 2895 500 2950 draconis
518 2897 571 2949 iras
594 2906 648 2950 tam
674 2895 752 2948 terri·
832 2900 874 2965 74.
889 2901 962 2947 Nunc
979 2915 1044 2965 age,
1060 2899 1147 2966 major,
1163 2895 1308 2967 potentior,

241 2975 306 3030 biles
317 2973 398 3028 modo
408 2974 596 3048 descripserat,
604 2989 686 3027 tantm
697 2977 752 3025 sub-
796 2978 865 3035 ades,
870 2976 998 3043 statimne
1010 2978 1129 3027 sunillime
1142 2979 1224 3035 Lethe,
1233 2975 1268 3026 ita
1279 2984 1309 3025 ut

241 3058 270 3108 iit
293 3055 410 3110 animum
429 3057 498 3128 ejus,
520 3069 561 3115 ut,
586 3073 640 3106 non
665 3053 752 3106 mittor
796 3052 906 3107 draconi
916 3065 1033 3107 nontam
1042 3072 1161 3126 soporem
1171 3053 1308 3118 immittas,

241 3153 340 3208 quam
354 3136 458 3202 virginis
472 3133 591 3186 animtmt
604 3135 698 3184 honor.
797 3151 877 3203 quam
887 3133 1044 3207 letbargum.

277 3213 365 3284 68-78.
376 3209 499 3264 Carmine
506 3209 586 3280 igitur
594 3211 623 3262 in
633 3227 754 3281 soporem
832 3212 877 3282 75.
888 3214 946 3266 Jana
958 3213 1088 3284 adipsum
1098 3212 1239 3266 draconem
1249 3232 1309 3266 cou-

242 3291 288 3346 dat
304 3291 447 3344 draconem
467 3287 573 3342 Medea.
592 3294 683 3340 Meum
704 3291 752 3340 ari·
798 3291 877 3344 vertit
896 3293 1058 3353 orationem,
1079 3293 1120 3346 vel
1142 3293 1227 3364 potius
1247 3311 1308 3346 can·

242 3389 346 3439 nemque
351 3396 360 3431 3
388 3379 485 3440 caput,
502 3369 642 3420 intenderat
662 3369 751 3428 mans,
796 3381 852 3422 tum
865 3371 1001 3444 :Tempus
1019 3382 1058 3424 eat
1074 3371 1181 3424 tandem
1198 3387 1222 3424 te
1234 3376 1308 3443 defle·

242 3451 354 3501 cannino
378 3450 504 3500 barbarico
527 3451 604 3515 pede,
630 3447 752 3519 Scythica
796 3463 861 3502 ctera
880 3455 962 3502 oculos
982 3453 1013 3500 ab
1034 3453 1083 3501 hac
1100 3449 1204 3503 velleris
1223 3461 1309 3504 custo-

242 3527 434 3591 modulatione,
441 3528 565 3598 suadens.
797 3527 888 3582 diendi
902 3549 970 3582 cura.
986 3528 1060 3582 Nihil
1078 3541 1179 3582 metuas
1200 3529 1307 3594 velleri,

278 3626 319 3678 70.
335 3611 368 3658 Te
380 3609 412 3657 ab
427 3607 496 3656 omni
508 3607 565 3657 orbe
582 3624 661 3666 uoco,
679 3605 753 3658 mitte
796 3625 845 3679 ego
855 3609 912 3680 ipsa
923 3619 980 3660 tuae
989 3608 1058 3660 vices
1069 3607 1307 3662 snbibo.N0ndum

239 3689 293 3758 jam
311 3695 398 3738 totum
412 3694 541 3738 terrarum
558 3683 663 3745 orbem,
678 3686 753 3752 inque
780 3697 886 3750 ¹tautum
910 3685 993 3739 draco
1015 3689 1229 3755 da'scaditfiessus‚
1254 3705 1307 3757 pua

241 3785 314 3816 unum
330 3767 404 3833 jubeo
423 3782 490 3814 nunc
507 3767 543 3815 ire
560 3768 704 3824 draconem,
723 3763 753 3816 in
797 3763 968 3828 lassitudine,
987 3767 1018 3816 ab
1036 3767 1118 3818 AEob'o
1138 3785 1199 3816 auro
1219 3767 1308 3832 (Pluy-

241 3843 293 3897 hoc
306 3843 362 3896 solo
370 3841 425 3894 vim
433 3859 539 3894 exseras
548 3855 629 3895 tuam.
797 3863 871 3896 neum
889 3847 1027 3905 iactatiactat,
1043 3844 1079 3910 V,
1101 3843 1170 3906 633;
1190 3843 1262 3896 conf.
1282 3855 1308 3894 et

277 3941 321 3993 72.
331 3919 428 3974 Medea
438 3919 474 3972 ait
483 3937 522 3984 se,
533 3922 750 3989 nabita,su1mina‚
797 3923 860 3988 VII,
874 3923 907 3984 511
917 3925 937 3990 ),
955 3943 999 3974 nec
1017 3925 1105 3991 quieti,
1121 3926 1229 3992 quamvis
1239 3925 1308 3990 juvet

240 4005 323 4056 sidem
332 3999 752 4073 dornuissesomuo,quod,quum
795 4003 903 4072 (forsan
917 4005 998 4062 lubet,
1014 4000 1088 4073 quod
1103 4001 1182 4074 Casp.
1200 4001 1307 4054 Bartbio

240 4083 267 4135 in
283 4082 332 4134 bas
350 4099 392 4134 res
407 4097 499 4133 omnes
517 4099 626 4133 somnus
647 4081 753 4153 proprie
794 4085 850 4153 jam
872 4081 899 4132 in
926 4091 1040 4132 mentem
1059 4080 1160 4151 venit),
1176 4100 1221 4132 ora
1246 4085 1307 4132 dare
