2994 4702
234 317 296 384 350
623 318 923 384 CATALOGUS

234 457 291 504 tur
310 439 465 521 comete,
495 437 619 528 dequo
648 439 722 506 vide
733 444 1017 508 ‘commentatores
1038 442 1080 507 ad
1092 443 1161 508 Val.
1182 447 1227 511 Fl.
1247 447 1270 512 l.
1286 449 1308 512 Ι.

237 545 385 634 Hyginus
397 546 486 609 solus
501 545 563 634 ipsi
576 544 631 610 dat
642 547 811 632 Pyremum
822 563 964 634 patrem,
980 548 1037 636 qui
1050 551 1123 636 quis
1136 550 1193 632 sit,
1211 552 1309 642 iguo·

235 667 345 730 ratur3
370 667 403 714 et
424 652 517 715 locus
542 651 612 715 sine
638 651 740 715 dubio
763 667 936 740 corruptus
954 668 1013 718 est.
1039 653 1131 719 Idem
1155 658 1307 746 Hyginus

235 759 372 823 alterum
390 759 560 823 Asterione
573 774 747 840 memorat,
759 757 926 848 Hyperast‘t'
942 758 1065 844 lilium,
1082 761 1212 828 fratrem
1228 765 1307 828 Am-

236 864 387 953 phionis,
406 864 463 932 sed
481 865 534 928 ille
548 865 690 930 Asterius
702 865 885 940 vocandus,
907 883 944 930 ut
959 865 1246 953 ridebimus-mox,
1272 887 1306 935 et

234 991 334 1058 supra
348 970 412 1050 jam
429 970 463 1033 in
471 969 648 1058 Anphrbne
659 969 848 1051 docuimus,
861 969 919 1034 uhi
932 969 974 1034 de
986 971 1115 1038 Pellene
1131 973 1182 1038 rel
1195 974 1305 1039 Peline

91 1077 92 1080 ’
140 1122 143 1128 ,
235 1098 350 1140 corum
371 1077 471 1164 patris
488 1076 622 1164 egimus.
641 1075 740 1164 Apud
763 1077 930 1166 Hyginum
946 1078 1043 1141 etiam
1067 1101 1127 1166 pro
1150 1079 1302 1166 Pyramo,

237 1183 353 1273 Pyreto
373 1183 503 1247 rescribi
523 1198 652 1271 posset,
668 1205 734 1270 quo
750 1184 883 1247 nomine
908 1184 943 1247 in
963 1207 1074 1274 pugna
1093 1185 1303 1274 Lapitharum

234 1305 269 1359 et
288 1290 523 1355 Centaurorum
547 1288 661 1377 aliquis
685 1305 884 1354 memoretur
909 1289 996 1378 apud
1023 1290 1199 1373 Ovidium,
1225 1293 1302 1358 Met.

235 1395 383 1478 lih.X11,
397 1398 472 1480 449.
482 1391 546 1460 Sed
557 1395 626 1460 haec
635 1395 847 1458 incertissima
858 1419 866 1460 :
879 1396 931 1460 ulii
945 1396 1032 1468 enirn
1044 1419 1159 1462 omnes
1172 1397 1304 1462 Cometae

237 1501 339 1569 lilium
360 1502 499 1583 faciunt,
517 1518 555 1568 ut
569 1501 762 1582 Pausanias,
777 1499 833 1567 lib.
847 1501 886 1584 V,
903 1524 951 1588 17.
973 1501 1110 1568 Cometes
1123 1503 1219 1568 etiam
1234 1526 1303 1568 me·

236 1625 383 1676 moratur
396 1608 482 1675 inter
493 1607 642 1696 Lapithas
656 1606 793 1688 Ovidio,
812 1608 908 1680 xtlt,
922 1607 1001 1690 2843
1018 1631 1059 1672 an
1078 1607 1165 1675 idem
1178 1610 1231 1674 ille
1245 1609 1302 1690 sit,

236 1738 303 1779 non
319 1713 422 1778 audeo
436 1712 613 1793 affirmare3
628 1735 690 1776 nec
702 1711 799 1776 etiam
815 1733 855 1776 an
873 1713 926 1778 ille
941 1711 1092 1794 Cometes,
1110 1714 1203 1794 cujus
1218 1713 1302 1780 filius

102 1819 103 1826 '
234 1819 397 1886 Sthenelus
418 1818 550 1900 Trojani
576 1817 651 1882 belli
675 1835 821 1906 tempore
847 1817 888 1882 ab
911 1818 1082 1882 Eustathio
1103 1819 1239 1884 affertur
1262 1818 1302 1884 sd

236 1927 371 2015 Dionys.
384 1925 507 2014 Perieg.
522 1922 606 2006 484,
623 1924 680 2012 qui
693 1923 855 1988 Sthenelus
870 1923 1015 1988 diversus
1034 1940 1082 1988 est
1094 1925 1136 1988 ab
1152 1926 1208 1989 illo
1221 1926 1303 1988 Her·

236 2031 317 2096 culis
331 2030 449 2096 comite
462 2029 496 2092 iu
512 2027 717 2117 expeditione
739 2028 930 2110 Arnsmnia,
950 2029 1076 2094 Actoris
1092 2028 1180 2108 lilio,
1205 2052 1302 2117 quem

236 2137 357 2202 Noster
382 2149 541 2200 memorat
567 2132 675 2215 lib.V,
699 2133 844 2220 90(11bt
869 2132 941 2199 ride
961 2135 1094 2224 notas),
1120 2150 1153 2198 et
1177 2136 1217 2200 ab
1239 2135 1302 2200 alio

237 2243 345 2307 Persei
363 2257 396 2304 et
408 2237 623 2303 Andromedae
641 2236 724 2318 filio,
741 2237 828 2326 apud
850 2239 956 2304 Schol.
973 2238 1154 2327 Apollonii,
1172 2241 1204 2320 l,
1223 2245 1301 2328 747.

237 2350 344 2414 Mater
368 2346 540 2408 Asterum
565 2343 605 2407 ab
635 2343 767 2433 Hygino
794 2342 913 2408 dicitur
936 2344 1123 2430 Antigona,
1156 2345 1301 2410 Pheretis

232 2455 318 2534 ¹lilia,
332 2451 423 2542 quod
443 2449 670 2539 cognationem
691 2471 767 2512 cum
786 2450 802 2513 J
806 2470 904 2512 usone
919 2448 1070 2516 ostendit.
1084 2451 1199 2514 Pheres
1214 2453 1302 2514 enim

239 2559 361 2626 Cretltei
375 2558 481 2637 frater,
498 2554 582 2621 lilius
601 2554 693 2619 AEoli
709 2554 782 2620 luit.
807 2555 855 2618 Ab
877 2554 941 2620 hoc
961 2555 1060 2621 heroe
1079 2557 1193 2620 urbem
1213 2559 1303 2622 Aste-

236 2666 323 2730 rium
334 2663 522 2742 Thessaliae,
546 2660 637 2740 cujus
662 2661 843 2748 Stephanus
869 2659 1036 2740 meminit,
1058 2660 1300 2728 denominatam

234 2769 337 2836 credit
352 2769 543 2846 Simsonus;
564 2765 767 2854 Stephanus,
787 2765 840 2829 vel
857 2788 876 2829 a
899 2765 1041 2853 fulgore,
1057 2769 1108 2830 vel
1121 2767 1162 2832 ab
1177 2767 1302 2834 Asterie

235 2874 395 2963 quodam,
412 2889 450 2938 ut
467 2889 499 2938 et
516 2870 706 2936 Eustathius
722 2893 739 2932 a
753 2867 917 2936 Berckelio
933 2868 1103 2936 adductus.

281 3110 492 3178 ASTERIUS.
518 3109 615 3172 Hunc
635 3107 676 3170 ab
693 3106 862 3170 Asterione
879 3103 1042 3170 diversum
1062 3107 1185 3173 faciunt
1203 3110 1300 3197 Apol·

235 3223 362 3300 lonius,
394 3221 430 3298 l,
462 3217 540 3305 176,
567 3233 599 3279 et
627 3213 795 3304 Orpheus,
824 3217 910 3294 πῃ
940 3213 1127 3304 Hyginum,
1156 3216 1208 3279 rel
1232 3217 1300 3296 ejus

236 3327 402 3406 librarios,
415 3338 613 3411 permutasse
626 3318 710 3386 duos
725 3316 823 3381 modo
832 3315 982 3382 vidimus.
996 3321 1105 3383 Frater
1114 3321 1301 3410 Amphionis

237 3434 373 3499 dicitur:
398 3451 497 3518 quare
514 3427 616 3516 patria
635 3441 667 3488 et
681 3440 828 3512 parentes
841 3424 880 3487 iis
895 3447 1102 3508 communes,
1128 3449 1233 3515 neque
1247 3427 1299 3491 hic

237 3535 428 3627 repetenda,
442 3555 514 3620 quse
532 3552 629 3618 supra
644 3527 685 3592 de
701 3529 739 3592 iis
754 3527 904 3610 diximus.
919 3529 1050 3594 Omittit
1067 3553 1142 3594 eum
1154 3532 1299 3596 Valerius

238 3647 386 3723 Flaccus,
416 3640 477 3703 nisi
502 3636 591 3726 quod
617 3637 694 3700 Pius
720 3656 795 3698 eum
823 3633 989 3698 intrudere
1016 3659 1076 3725 pro
1103 3637 1299 3702 Deucalione

237 3766 339 3816 tentet
360 3747 414 3812 lib.
434 3749 467 3827 I,
484 3767 529 3809 rs.
551 3742 631 3824 365,
655 3743 696 3808 de
717 3764 784 3830 quo
805 3741 839 3803 in
859 3740 1059 3806 Deucalione.
1083 3742 1299 3830 Apollodorus

234 3857 391 3922 Asterium
408 3851 543 3918 Cometce
559 3849 660 3913 lilium
674 3848 768 3928 lacit,
787 3845 844 3910 sed
862 3845 908 3909 ihi
923 3846 1096 3934 legendum
1107 3848 1299 3913 Asteriouem

236 3963 390 4040 diximus,
410 3981 526 4046 quern,
542 3955 662 4020 omisso
685 3952 826 4030 Asterie,
851 3951 958 4015 solum
985 3968 1152 4017 memorat.
1172 3954 1246 4018 Fuit
1266 3972 1299 4019 ct

234 4070 316 4134 elius
333 4067 395 4130 hoc
413 4081 558 4152 tempure
570 4064 729 4137 Asterius,
749 4057 839 4123 Nelei
859 4055 958 4138 filius,
981 4057 1081 4122 irater
1102 4059 1246 4124 Nestoris
1267 4078 1299 4124 et
