3022 4678
375 339 819 452 -Aneonxnrrccn
849 387 935 452 me.
960 387 1039 452 vu.
1191 389 1249 454 123

233 523 301 587 Sub
318 521 442 588 decima
456 525 531 614 juga
549 524 623 590 loeta
643 527 755 609 metit,
773 528 924 616 servitque
942 551 1000 616 per
1016 549 1130 592 ornnes

233 637 405 724 Relliquias
420 638 606 726 saniemque
622 638 694 723 dei,
708 642 807 730 gemit
823 641 931 706 irritus
948 642 1001 730 ille

233 749 405 815 Colchidos
421 773 477 815 ora
493 767 588 816 tuens
605 764 717 818 :totos
733 771 812 819 tunc
828 755 991 820 contrahit
1003 771 1090 820 artus

231 864 345 929 Monte
362 864 465 942 dolor,
482 882 671 954 cuncteque
688 883 833 933 tremunt
848 870 909 934 sub
925 871 1005 934 falce
1021 885 1149 933 catenae.
1211 888 1249 940 ³70

277 980 409 1044 Talibus
424 981 534 1045 infelix
547 997 660 1046 contra
675 1003 733 1046 sua
748 1005 847 1073 regna
861 984 993 1048 venenis

232 1093 394 1176 latinitat,
410 1097 565 1183 noctique
582 1113 724 1162 tremens
740 1099 879 1164 infertur
895 1121 1011 1188 opace.

231 1208 293 1272 Dat
308 1207 452 1274 dextram
465 1232 643 1298 vocemque
658 1210 786 1295 Venus,
799 1211 990 1302 blandisque
1000 1227 1172 1301 ,paventem

233 1325 403 1412 Alloquiis,
417 1327 598 1414 junctoque
616 1327 715 1391 trahit
729 1349 787 1414 per
804 1328 920 1392 moenie
935 1349 1041 1415 passu.

233 1435 345 1516 Qualis
362 1435 469 1502 adhuc
484 1454 612 1504 teneros
628 1461 816 1529 supremum
834 1440 948 1529 pallida
966 1440 1060 1506 foems
1210 1457 1247 1508 ³7⁵

231 1547 335 1612 lllater
348 1549 390 1612 ab
405 1551 530 1615 excelso
544 1551 697 1640 produxit
710 1553 744 1617 in
759 1574 832 1616 aera
846 1551 941 1630 nido,

231 1664 453 1753 Hortaturque
471 1666 578 1753 sequi,
596 1666 814 1755 brevibusque
830 1667 997 1756 insurgere
1012 1666 1144 1755 pennie3

235 1778 309 1843 Illos
328 1780 453 1844 coerulei
469 1781 592 1868 primus
607 1779 682 1846 ierit
695 1780 812 1845 horror
827 1779 975 1868 Olympi,

219 1967 272 2051 die.
300 1993 378 2037 Mense
402 1991 474 2038 dolor,
492 1993 643 2040 Bononiensis
663 1993 760 2048 codex.
788 2001 812 2040 et
837 1991 954 2040 editiones
975 2001 1030 2040 snts
1054 1991 1195 2038 Csnionem.
1220 2016 1250 2025 -

189 2065 241 2124 ³73.
258 2067 304 2111 Das
322 2065 425 2112 dextram
441 2067 566 2131 blandique
579 2085 668 2130 pavens
691 2083 771 2114 vocem
797 2070 874 2116 Versus
889 2083 963 2130 qssnrss
981 2077 1023 2136 est.
1046 2068 1163 2129 Gomnpte
1175 2065 1250 2114 Vstic.

188 2143 242 2190 cod.
253 2147 301 2191 Das
313 2145 335 2190 d.
349 2145 475 2209 blandeque
482 2163 568 2209 pavens
579 2164 658 2194 nocem
673 2151 748 2195 Venus
760 2157 783 2193 et
796 2163 873 2209 quam.
890 2150 981 2193 Bonan.
992 2146 1045 2193 cod.
1058 2147 1147 2193 bonon.
1160 2147 1171 2191 l
1182 2153 1206 2192 et
1219 2145 1250 2190 ll.

188 2223 251 2270 lunt.
267 2226 352 2270 Maser.
369 2224 487 2272 Ald....ut
502 2243 578 2290 quam.
593 2229 692 2288 Engent.
710 2241 764 2273 curn
782 2225 832 2273 rio.
842 2227 934 2286 -377.
946 2223 1250 2288 Hortslsrqrsesaesi.Vetic.

188 2301 241 2346 cod.
254 2305 405 2365 Hortaturqsse
414 2305 469 2350 suis.
483 2304 547 2352 Csrr.
558 2305 612 2352 cod.
626 2307 669 2352 En.

224 2467 284 2538 367.
295 2469 413 2536 Soevieque
424 2487 468 2536 ρον
479 2489 560 2520 omnes
570 2473 693 2538 relliquias
737 2471 822 2536 disque
830 2483 957 2536 paventem
967 2471 1095 2537 alloquiis,
1107 2467 1179 2520 bono
1192 2485 1251 2520 eam

188 2549 393 2614 saniemquedei,
410 2560 439 2599 nt
451 2567 583 2622 quamque
598 2549 694 2602 Medea
738 2549 828 2618 animo
842 2567 897 2601 esee
913 2549 1003 2621 jubet,
1018 2549 1250 2620 junctoqnetralaie,

187 2623 301 2678 radicem
321 2639 462 2690 resecaret,
477 2628 513 2680 ita
530 2647 578 2699 per
591 2647 695 2700 sympn·
738 2625 835 2679 lentam
845 2627 915 2680 enim
926 2641 1011 2680 rnetus
1024 2627 1164 2700 pudorque
1174 2626 1251 2680 lacie-

188 2703 282 2771 thinm,
295 2725 374 2778 quem
387 2717 501 2770 vocant,
515 2706 580 2760 deus
591 2709 697 2760 Prome·
740 2704 803 2756 bant
812 2745 819 2768 ,
829 2725 877 2771 per
887 2708 976 2756 menia
984 2726 1078 2776 passm.¹

188 2785 262 2838 theus
275 2785 303 2836 in
314 2785 414 2856 exiguis
424 2785 566 2840 exulcerati
572 2787 696 2858 jecinoris
776 2782 900 2853 375·381.
911 2785 971 2836 Non
981 2785 1068 2837 minus
1081 2784 1169 2860 suariis
1182 2783 1249 2836 etad

141 2884 146 2892 ·
187 2863 312 2936 relliquiis
328 2865 408 2917 sensit
421 2865 552 2918 dolorem.
739 2875 839 2916 namra
852 2865 986 2917 veritatem
1001 2864 1199 2917 accommodata
1212 2874 1251 2916 cst

223 2943 281 2996 368.
300 2947 379 2996 Gensis
395 2948 490 3004 irrisus,
512 2946 622 3009 frustra,
642 2949 696 2998 Col·
740 2941 900 3013 comparatio
910 2943 1022 2996 Veneris
1032 2961 1092 2995 cum
1104 2943 1189 3012 aquila
1200 2962 1251 2994 ma-

188 3025 284 3082 clidos,
297 3022 411 3086 Medea,
428 3045 474 3075 ora
490 3041 570 3086 tuens,
582 3026 694 3095 quoties·
739 3032 790 3086 tre,
800 3039 858 3092 qum
867 3021 939 3078 letus
948 3021 1062 3091 primum
1072 3020 1137 3073 nido
1149 3018 1250 3086 educit,

187 3120 299 3173 cumque
314 3101 430 3155 rideret:
442 3119 504 3155 soros
524 3120 581 3156 sune
598 3119 696 3156 contra-
741 3111 766 3151 et
777 3098 876 3152 Medeae
885 3118 945 3152 cum
956 3100 1045 3170 aquila
1057 3099 1129 3170 pullo
1136 3139 1144 3164 ,
1159 3099 1205 3169 qui
1215 3098 1250 3152 ad

187 3183 223 3230 tir
243 3196 310 3232 arcus
331 3199 413 3234 monte
434 3186 512 3244 dolor,
531 3202 584 3255 pra
603 3183 693 3238 dolore
737 3180 928 3251 primumaeris
937 3179 1142 3252 experimentum
1154 3178 1250 3232 lacien-

187 3270 268 3312 mtum
281 3279 377 3332 corpus
387 3261 491 3327 horret,
501 3279 641 3330 cunctaque
650 3279 694 3315 tre
737 3259 801 3312 dum
817 3279 830 3310 a
843 3273 925 3312 matre
936 3259 1066 3313 incitetur.
1084 3262 1182 3327 Officiis,
1203 3258 1261 3310 sic·'

187 3352 414 3403 mrtnc‚resonant,
424 3343 542 3408 subsalce
553 3357 655 3394 catenae.
738 3349 784 3402 ut,
798 3355 877 3390 macer
888 3343 999 3407 pallida,
1015 3339 1072 3410 ipsa
1081 3337 1249 3403 meticulosa,

222 3417 345 3486 371-399.
361 3419 480 3472 Tandem
492 3420 573 3474 domo
592 3421 694 3474 excedit
731 3421 800 3485 fetus
820 3421 901 3470 adhuc
920 3434 1013 3470 seueros
1029 3423 1060 3469 ab
1079 3421 1138 3468 nido
1153 3422 1248 3468 excelso

187 3494 289 3548 Medea.
307 3499 403 3548 Talibus
416 3501 514 3568 infelix,
530 3500 694 3564 miseranda,
739 3499 764 3546 in
777 3515 838 3547 aera
852 3517 1000 3564 supremum,
1010 3496 1121 3563 ethere,
1129 3498 1250 3564 produxit

186 3591 272 3626 currem
285 3596 331 3627 sua
348 3595 437 3645 regna,
452 3579 580 3648 patriam,
596 3583 695 3631 verreriis
739 3567 908 3648 (ἀορίστως),
917 3576 1063 3648 producere
1073 3575 1154 3638 solet,
1164 3577 1250 3626 borta-

186 3656 297 3703 iudur'tur
310 3657 438 3723 (cingitur,
452 3655 533 3726 355),
546 3658 694 3722 instruitur,
739 3669 825 3722 utrque
843 3660 925 3723 sequi,
944 3657 1098 3722 brevibusque
1117 3656 1251 3722 insurgere,

185 3736 300 3800 noctique
314 3747 415 3785 trernerrs
430 3738 528 3803 infertur
548 3757 647 3806 opacoe,
662 3748 695 3788 te·
739 3751 765 3786 se
777 3734 915 3798 extollere,
920 3736 1019 3802 pennis.

186 3811 274 3862 nebris
285 3811 369 3863 noctis
380 3831 408 3865 se
421 3814 695 3879 committit,meticu-
775 3811 834 3882 378.
845 3812 913 3865 Pulli
936 3825 964 3865 ut
986 3813 1101 3883 primum
1122 3811 1203 3862 latum
1224 3822 1250 3862 et
1332 3816 1336 3829 ¹

186 3887 240 3941 losa
250 3900 346 3942 tamen.
739 3891 898 3944 immensum
909 3890 1005 3942 ethera
1016 3890 1067 3942 eibi
1082 3901 1201 3961 apertum
1212 3887 1250 3940 vi·
1260 3934 1272 3950 ,

223 3966 348 4039 373-374.
359 3970 489 4024 Versiculi
496 3971 693 4043 jucundissimi!
739 3966 803 4020 dent
813 3967 861 4037 (de
871 3969 962 4022 avibus
976 3968 1069 4021 nidum
1080 3969 1194 4040 primurn
1208 3985 1248 4018 re·

186 4051 239 4097 Dat
248 4051 363 4100 dextram
377 4070 508 4119 vocemque
523 4058 614 4112 Versus,
631 4052 695 4106 dex·
740 4047 919 4118 linquentibus
935 4047 996 4100 vide
1014 4047 1090 4100 etiarn
1104 4045 1249 4112 Ovidium,

187 4135 225 4176 tra
240 4126 385 4196 prehendit,
394 4129 435 4182 En
446 4128 539 4182 adsum
552 4130 616 4182 tibi!
629 4135 696 4184 blau-
741 4123 774 4180 de
789 4128 851 4179 Arte
867 4126 1009 4189 amatoria,
1027 4127 1065 4188 ll,
1076 4127 1144 4192 64),
1156 4124 1250 4176 horror
