3022 4678
421 375 546 443 Novi
575 377 822 472 nnrjronts
852 375 1006 442 uo'rAE.
1188 380 1248 463 149

224 508 258 560 V.
269 506 327 562 105.
338 512 479 575 Neapotuit
491 523 586 560 moestm
601 528 651 560 nors
658 512 762 580 flectere
775 511 866 559 vuitus.
878 537 912 548 -
923 512 1077 561 Burmanno
1087 507 1190 562 ridetur
1201 507 1252 560 Va·

188 591 269 645 lerina
281 592 333 644 rim
345 602 372 645 et
382 591 589 663 magnitudinem
605 591 703 644 amoris
717 591 761 644 hic
774 590 868 644 melius
885 591 1029 661 exprimere
1044 609 1124 662 quun
1144 589 1251 662 Apollo·

190 675 265 740 nius,
283 675 336 738 111,
356 675 418 740 443,
437 674 483 746 qui
500 675 570 728 limis
588 672 711 728 Medeam
727 693 775 746 per
794 673 886 744 capitis
906 685 1089 746 tegumentum
1111 673 1254 745 respetdese

191 759 278 832 fingit.
297 759 437 811 Auctorem
454 775 567 828 grecum
580 776 658 810 nemo
676 776 730 810 uon
749 757 899 824 excusabit,
912 759 958 830 qni
972 755 1072 812 Medeae
1085 768 1188 829 patrem
1207 753 1255 810 ad·

192 862 248 904 esse
262 833 417 896 meminerit.
427 841 532 896 iudicet
545 843 636 910 lector,
648 853 707 896 uter
720 841 748 894 in
765 841 815 894 hac
834 860 863 894 re
875 853 997 895 naturam
1016 860 1048 896 ao
1061 859 1149 896 morea
1163 841 1255 895 meiius

194 938 347 980 servamnt.

228 1069 265 1121 V.
283 1071 342 1123 108.
358 1072 428 1121 Taies
444 1071 572 1128 iamvos,
585 1087 616 1119 ea
634 1083 702 1137 terga
716 1071 838 1136 relarguit.
851 1099 887 1110 -
897 1067 1029 1122 Humerus
1043 1087 1111 1140 sepe
1129 1069 1157 1121 in
1172 1069 1255 1140 speci-

195 1171 256 1206 men
273 1149 475 1225 pulchritudiuis
494 1147 622 1205 adhibent
638 1163 731 1222 poete.
748 1150 791 1205 Sic
807 1155 919 1204 AEneam
937 1150 1022 1224 pingit
1034 1149 1174 1220 Virgilius,
1194 1154 1256 1205 AEu.

196 1237 221 1300 Ι,
234 1235 296 1305 589,
309 1240 342 1286 Os
350 1237 508 1302 humerosque
516 1237 562 1286 deu
574 1237 694 1296 cunilam
705 1237 743 1287 sic
752 1233 874 1287 Valerius
887 1232 921 1287 de
933 1233 1060 1297 Hercule,
1073 1235 1111 1302 ΙΙ,
1127 1242 1176 1302 491
1189 1253 1195 1288 :
1208 1241 1259 1287 Nee·

196 1322 257 1371 tales
266 1321 377 1369 humerus
384 1321 575 1386 pharetramque
581 1321 685 1387 gerebat
695 1321 796 1386 Apotts.

232 1495 266 1548 V.
283 1514 342 1566 109.
356 1499 405 1547 uta
415 1498 514 1548 domum
524 1509 600 1564 atque
610 1497 673 1564 iguem
680 1497 793 1564 paullum
803 1499 1023 1564 procederepostes

357 1585 443 1648 Optat,
454 1593 478 1630 et
488 1582 600 1630 ardentes
611 1593 674 1630 tanet
686 1581 752 1630 iratra
762 1581 847 1631 Iinsiua
853 1599 956 1648 gressm

202 1750 214 1772 ι
228 1725 289 1777 Haec
298 1723 465 1777 Burmannus
477 1722 511 1775 ita
524 1720 654 1794 explicat,
667 1733 696 1774 ut
710 1721 788 1774 simul
806 1741 867 1778 cum
880 1723 977 1777 iasone
991 1722 1100 1778 domum
1115 1738 1141 1780 et
1151 1727 1260 1798 januam

200 1809 259 1862 loco
270 1807 370 1862 moveri
381 1819 406 1860 et
418 1805 560 1878 procedere
572 1805 702 1878 optaverit
713 1805 807 1859 Medea
816 1844 825 1871 ‚
835 1825 869 1859 ue
883 1825 986 1861 amores
997 1827 1013 1861 e
1025 1821 1168 1880 conspectu
1181 1812 1260 1864 amit-

200 1899 265 1942 teret
282 1907 350 1942 euos.
371 1889 437 1953 Qum
455 1885 650 1958 interpretatis),
667 1884 706 1937 uti
725 1885 784 1938 usui
799 1894 841 1942 τοῦ
853 1890 999 1954 procedere,
1017 1885 1090 1957 quod
1103 1899 1176 1940 sexto
1194 1892 1264 1942 mani

199 1973 275 2046 jungi
292 1971 356 2025 solet
369 1974 438 2041 (nec
453 1970 528 2023 aliter
541 1970 609 2022 inira
628 1989 653 2023 v.
670 1969 721 2022 306
731 2007 739 2036 ,
751 1973 882 2037 procedere
900 1973 996 2038 tectis),
1014 1984 1189 2025 consentanea
1206 1985 1264 2036 est,

203 2057 246 2109 rix
266 2067 353 2108 tamen
375 2073 391 2108 a
410 2071 452 2108 me
471 2055 611 2126 impetrare
622 2069 747 2124 possum,
761 2064 790 2105 ut
805 2052 904 2106 Medeae
921 2065 975 2106 tam
989 2053 1107 2126 ineptum
1123 2055 1266 2110 attribuere

202 2151 323 2213 optatum
336 2139 477 2194 existimem
495 2149 600 2210 poetam
618 2136 739 2190 voluisse.
762 2136 853 2190 Malim
872 2139 951 2209 igitur
964 2138 1033 2191 hanc
1046 2140 1121 2193 verbi
1134 2145 1267 2210 proaedere

203 2241 265 2276 cum
278 2233 374 2294 quarto
388 2220 686 2275 casuconatruotionem
705 2219 773 2272 inter
790 2220 933 2292 singularia
943 2222 1058 2287 Valerii,
1070 2223 1160 2296 qualia
1172 2225 1266 2298 plura,

204 2305 289 2360 tribus
309 2307 338 2358 in
352 2305 445 2377 primis
457 2304 559 2357 ultimis
577 2303 669 2370 libris,
684 2303 762 2356 obvia
778 2315 853 2369 sunt,
871 2306 984 2369 referre,
1001 2319 1026 2358 et
1045 2305 1079 2359 de
1097 2308 1151 2380 ipsa
1173 2308 1266 2362 Medea

204 2389 302 2461 palatio
314 2387 403 2460 egredi
416 2389 538 2460 cupiente
552 2387 712 2457 intelligere,
723 2385 795 2457 quod
807 2397 832 2440 et
843 2389 938 2442 melius
949 2389 1080 2442 coherere
1092 2390 1196 2444 videtur
1206 2410 1266 2446 cnm

205 2471 393 2542 sequentibus:
407 2486 432 2522 et
442 2473 554 2522 ardentes
569 2485 633 2521 tenet
645 2473 711 2521 iecra
722 2473 806 2522 iimina
816 2490 926 2539 gressru,
943 2470 969 2523 h.
984 2491 1007 2525 e.
1018 2492 1179 2546 quamquam
1193 2475 1267 2547 cupi.

206 2555 289 2608 ditate
301 2555 423 2608 iasonem
438 2550 565 2626 sequendi
577 2551 713 2624 flagraret,
725 2550 827 2624 pudore
840 2565 927 2606 tamen
941 2553 1008 2608 ricta
1021 2555 1055 2610 ad
1064 2559 1160 2630 januas
1174 2557 1269 2610 substi-

207 2639 247 2691 tit.
260 2663 271 2685 ι
288 2637 503 2709 SicWagnerus.
521 2665 556 2676 -
576 2635 777 2708 Qualecumque
797 2637 830 2690 sit
851 2636 916 2690 iilud
938 2638 1037 2693 Medae
1063 2652 1173 2708 votnm,
1192 2661 1270 2695 nemo

208 2717 296 2770 vianet
304 2723 332 2774 τὸ
338 2721 470 2787 precedere
478 2721 576 2769 domum
586 2715 817 2788 poseeeigniflcare
830 2721 902 2769 dorsa
916 2722 1016 2787 egredi:
1028 2719 1117 2792 itaque
1126 2720 1272 2775 Burmanni

209 2801 340 2856 sententie
354 2801 518 2868 accedimus,
532 2799 579 2854 sed
595 2800 690 2863 inriti,
706 2799 805 2853 nedum
822 2802 921 2855 auctori
938 2803 1112 2874 gratulantes,
1125 2815 1154 2856 nt
1168 2803 1212 2858 itte
1225 2807 1271 2878 qui

210 2886 248 2939 sic
268 2886 396 2940 exclamat
412 2881 637 2939 admirabundus:
655 2901 707 2934 nare
730 2886 849 2950 aspiravit
871 2887 996 2952 Apollonii
1016 2889 1137 2954 ingenium
1157 2890 1194 2938 ad
1208 2891 1273 2939 iiia!

210 2967 357 3022 iucundior
367 2979 406 3022 est
422 2968 467 3022 ilie
477 2965 609 3040 Apollonii
622 2966 711 3030 lucus,
722 2984 802 3037 qnam
820 2978 849 3018 ut
864 2984 897 3020 eo
911 2967 1036 3021 lectorem
1051 2968 1220 3034 fraudemus;
1235 2972 1271 3024 sic

210 3052 300 3123 igitur,
311 3051 363 3119 111,
372 3055 423 3117 446
435 3071 441 3106 :

357 3195 601 3213 .............
607 3165 658 3226 uio<
674 3160 703 3217 di
716 3165 754 3227 ui,
770 3163 824 3222 ἠύτ’
839 3165 939 3236 ὄνειρος,

349 3233 462 3314 ἑρπύζων
477 3245 604 3299 πεπότητο
621 3252 677 3313 μετ’
691 3245 757 3312 ἴχνια
770 3247 929 3314 νισσομένοιο·

213 3381 370 3435 Cecutiebat
380 3381 497 3453 proiecto
506 3379 546 3434 vir
557 3378 738 3444 doctissimus,
749 3399 802 3452 prae
813 3380 912 3435 Valerii
922 3399 1020 3435 amore.

198 3603 206 3620 .
250 3564 284 3617 V.
300 3581 355 3618 ιιι.
371 3565 463 3629 Qualis,
478 3563 520 3612 ubi
531 3573 652 3611 extruuas
664 3564 693 3610 10
706 3577 775 3628 uaga
787 3563 861 3612 sentit
872 3579 972 3622 areum,

373 3649 475 3712 Fertque
486 3645 606 3712 refertque
616 3644 702 3708 pedem
712 3681 719 3703 ,
729 3653 778 3696 etc.

216 3797 299 3850 «Non
310 3811 385 3850 moue
394 3811 425 3846 ac
434 3791 497 3845 olim
505 3797 627 3860 imquua,
638 3805 721 3860 quum
730 3789 766 3840 ob
778 3789 902 3843 furtivam
913 3809 971 3843 cum
982 3792 1048 3846 Jove
1060 3793 1277 3849 consuetudinem

217 3901 233 3934 a
241 3882 346 3934 lunone
357 3879 384 3930 iu
396 3893 505 3929 vaccam
516 3883 616 3926 mutata
625 3873 750 3944 Argoque
758 3869 931 3934 custodienda¹
938 3872 1032 3928 tradita
1047 3889 1124 3940 esset,
1136 3878 1209 3930 lovis
1220 3880 1279 3950 qui·

173 4015 175 4020 ,
217 3964 279 4018 dem
294 3967 368 4038 jussu
381 3981 396 4016 a
415 3957 547 4014 Mercurio
560 3956 700 4029 vigilantiae
712 3955 776 4027 Argi
792 3955 920 4012 subducta
937 3957 1050 4013 sormam
1070 3961 1168 4034 recepit
1186 3962 1281 4016 huma·

219 4067 279 4104 nam
287 4090 296 4116 ,
305 4046 351 4102 sed
360 4045 471 4100 denuoa
481 4043 581 4106 Furiis,
593 4039 731 4112 instigante
742 4040 863 4108 lunone,
873 4061 919 4113 per
927 4043 1008 4096 maria
1019 4054 1045 4098 et
1057 4057 1141 4098 terrae
1153 4045 1282 4116 exagitata

220 4133 326 4188 tandem
338 4132 366 4185 iu
379 4133 521 4203 Egyptum
535 4123 662 4202 pervenit.
673 4123 735 4178 Heu
749 4124 771 4178 si
782 4124 950 4190 memineris,
963 4125 1047 4182 iunius
1058 4129 1093 4182 ab
1107 4129 1164 4202 ipso
1176 4127 1282 4180 Valerio
