3022 4678
262 358 323 445 178
547 359 582 422 e.
606 359 813 426 vanarn
845 362 1032 453 resecr
1105 414 1108 422 ,

300 493 408 580 Seque
424 513 588 579 suumque
604 493 701 558 simul
719 492 806 558 flevit
821 493 961 559 crudelis
980 495 1170 563 alumnum:

344 639 357 663 ι
368 608 444 672 Non
462 629 523 695 ego
539 623 571 671 te
588 629 657 673 sera
674 609 770 673 talem
785 610 847 674 sub
867 625 965 674 noete
981 611 1150 693 videbam,

301 725 396 787 Sacra
409 722 536 805 ferens,
550 725 726 812 epulasque
742 725 818 806 tibi,
836 748 896 789 nec
914 725 985 790 talis
1003 726 1106 790 hianti

300 839 396 902 Mella
413 837 549 917 dabam,
566 861 603 902 ae
621 839 740 903 nostris
758 841 923 904 nutribam
941 839 1002 904 fida
1020 843 1164 905 venenis.

301 953 408 1036 Quum
424 951 554 1042 gravida
571 975 661 1016 nunc
677 955 763 1017 mole
777 954 880 1034 jaces!
904 977 1002 1042 quarn
1024 955 1131 1044 segnis
1153 956 1290 1019 inertem

297 1067 407 1132 Flatus
421 1066 536 1131 habet!
557 1083 665 1131 necte
684 1069 813 1150 saltem,
832 1067 1031 1151 miserande,
1046 1070 1182 1156 peremi,

298 1180 372 1243 Heu
387 1203 506 1244 stevum
523 1203 656 1269 passure
671 1181 771 1245 diem!
786 1180 851 1260 jam
869 1181 958 1244 nulla
970 1180 1094 1246 ridebis

298 1295 438 1376 Vellera,
456 1295 543 1359 nulla
559 1311 615 1360 tua
633 1295 790 1385 fulgentia
805 1295 892 1359 dona
911 1295 973 1360 sub
991 1297 1118 1361 umbra.

298 1408 386 1473 Cede
403 1408 483 1490 deo,
502 1410 601 1497 inque
619 1409 687 1472 aliis
704 1409 832 1473 senium
851 1432 941 1473 nunc
960 1409 1070 1499 digere
1089 1410 1170 1475 lucis

297 1525 485 1606 Immemor,
498 1546 575 1604 oro,
592 1525 672 1607 mei3
685 1547 746 1586 nec
762 1546 815 1586 me
831 1540 885 1588 tua
902 1523 994 1586 sibila
1009 1537 1081 1589 toto

297 1639 467 1727 Exagitent
484 1638 599 1702 infesta
613 1637 702 1701 mari.
720 1636 784 1702 Sed
801 1653 838 1700 tu
855 1660 988 1726 quoque
1006 1655 1156 1722 cunctas,

297 1752 474 1834 AEsonide,
490 1753 617 1816 dimitte
633 1775 757 1834 moras,
775 1768 872 1840 atque
890 1751 1015 1842 effuge,
1040 1755 1141 1842 raptis
1287 1778 1323 1814 „s

296 1869 499 1934 Velleribus:
518 1868 640 1957 patrios
657 1868 794 1932 exstinxi
810 1869 906 1932 noxia
924 1885 1052 1950 tauros;

282 2063 320 2119 91..
337 2057 367 2100 Se
381 2067 509 2114 soevunsqae
522 2051 597 2097 simul.
613 2051 703 2096 Boron.
718 2053 729 2096 l
745 2060 769 2098 et
783 2053 815 2096 ll.
830 2077 860 2087 -
876 2068 927 2100 rou.
940 2056 990 2100 Heu
1001 2069 1085 2099 soevrsm
1092 2070 1190 2117 passure
1201 2055 1269 2102 diem
1285 2055 1324 2103 Sie

250 2134 304 2181 Ald.
318 2135 383 2180 Carr.
395 2135 444 2180 Nee
454 2147 536 2177 savum
545 2130 642 2193 passiam
657 2131 724 2178 diem
742 2133 834 2179 Boron.
851 2132 904 2178 eod.
923 2135 1014 2180 Bonou.
1027 2135 1059 2180 ll.
1073 2136 1116 2182 Na
1131 2151 1214 2181 soerum
1225 2152 1325 2198 passere

251 2215 319 2259 diem
331 2215 395 2258 Junt.
405 2213 490 2257 Masrr.
502 2211 602 2270 Eugent.
617 2235 648 2244 —
666 2223 718 2256 roa.
737 2211 795 2256 Cede
805 2211 870 2257 adeo.
885 2215 975 2258 Borion.
988 2212 1041 2259 eod.
1054 2215 1143 2260 Bonum
1157 2216 1168 2260 1
1180 2225 1204 2261 et
1215 2215 1246 2262 ll.
1261 2217 1306 2262 Eu.

287 2401 331 2466 96.
345 2400 423 2446 Sacra
429 2394 518 2461 serem
536 2391 656 2459 Hecate,
670 2399 765 2462 epulas·
808 2397 911 2450 venisse
921 2434 929 2461 ,
940 2416 991 2469 pro
1002 2397 1048 2450 illu
1054 2397 1166 2469 joculari
1176 2397 1324 2472 frigidaque

252 2498 313 2547 que,
325 2473 421 2547 pabula
431 2513 439 2538 ‚
449 2475 494 2523 tibi
505 2474 597 2532 hianti,
612 2471 708 2542 cupide
721 2492 764 2525 ar·
808 2474 1040 2546 interpretatione,
1051 2488 1136 2541 ac,ut
1145 2496 1205 2530 vere
1215 2477 1302 2530 dicam
1314 2520 1322 2544 ,

250 2555 366 2630 ripienti.
386 2559 465 2619 Qrsam
472 2553 593 2620 gravida,
604 2552 766 2622 gravi‚mele
807 2555 1018 2624 paeneubsumla.
1032 2555 1083 2608 En.

244 2641 429 2707 jacesr’quam
445 2634 617 2702 segnisstanu
635 2635 764 2700 haletre,
847 2651 905 2688 roo.
926 2641 979 2686 Heu
1001 2655 1091 2686 savum
1109 2655 1216 2704 passure
1242 2639 1322 2696 diem,

249 2735 330 2790 quarn
349 2714 420 2767 lente
438 2711 559 2784 spiritum
580 2709 673 2775 ducis,
688 2724 763 2766 antea
808 2731 888 2784 quam
911 2714 991 2767 tristis
1015 2714 1064 2766 tibi
1087 2714 1188 2766 orietur
1210 2733 1322 2774 aurora,

249 2810 308 2851 tarn
321 2791 441 2847 vividum
454 2803 534 2862 atque
548 2791 675 2861 igneum!
809 2813 883 2860 quum
904 2797 974 2845 nulla
996 2797 1099 2846 wasuh
1117 2797 1215 2854 umbra,
1233 2796 1280 2847 aba
1298 2805 1325 2847 te

286 2896 330 2952 99.
351 2874 460 2926 Miseret
479 2889 523 2923 me
545 2869 599 2936 tui,
619 2869 655 2922 mi
674 2872 764 2932 bene;
808 2871 982 2934 obumbrata,
990 2873 1120 2940 fislgenna
1139 2877 1222 2934 dona,
1239 2871 1322 2926 dona·

251 2959 296 3014 sed
309 2954 435 3030 praeclare
442 2963 531 3005 tecum
542 2949 586 3020 agi
594 2962 682 3021 putes,
691 2949 764 3023 quod
809 2951 865 3016 ria,
880 2954 1041 3024 ἀναθήματα,
1056 2971 1166 3004 aureum
1178 2951 1324 3017 vellus,vi

249 3041 310 3093 rite.
325 3035 418 3090 saltem
432 3029 603 3103 pepercerim.
621 3061 657 3069 -
674 3031 765 3082 Posset
809 3033 885 3082 debis.
897 3057 930 3069 -
946 3034 993 3080 Sub
1007 3034 1090 3082 umbra
1106 3031 1140 3084 de
1158 3031 1214 3103 ipsa
1228 3033 1325 3085 arbore

249 3114 411 3190 respondere
424 3109 521 3172 draco,
535 3119 566 3162 ut
576 3106 690 3160 Antonio
699 3106 764 3158 Tul·
809 3125 871 3160 cum
893 3107 1047 3161 Burmanno
1070 3109 1249 3181 intelligimus.
1269 3113 1323 3165 En.

252 3201 317 3264 lius,
329 3193 448 3262 Philipp.
470 3188 509 3250 ll,
527 3187 560 3239 3:
578 3191 656 3252 Quale
673 3188 763 3256 benifi·
849 3205 907 3240 tos.
923 3191 986 3239 Cede
998 3193 1058 3249 deo,
1074 3189 1134 3242 fatis
1147 3189 1181 3242 ita
1196 3190 1324 3244 eonstitu-

251 3282 314 3330 cr'um
328 3287 380 3332 est,
399 3271 467 3337 qued
478 3279 502 3316 ts
515 3266 660 3317 abstinueris
669 3267 765 3332 affatio
809 3276 866 3317 tum
878 3265 985 3331 eredas,
999 3271 1074 3336 inque
1085 3271 1141 3320 aliis
1154 3273 1215 3321 lucis
1231 3273 1324 3322 serrium

252 3361 344 3408 scelere
353 3358 364 3401 !
384 3345 436 3402 Sed
457 3343 553 3396 erravit
573 3342 682 3396 omuino
696 3343 765 3398 Wa·
810 3365 877 3397 nunc
888 3349 989 3415 digere,
1002 3347 1085 3400 alium
1095 3347 1143 3401 tihi
1154 3350 1244 3404 lucum
1256 3369 1326 3421 qute-

202 3479 207 3497 ,
253 3450 359 3508 gnerus.
373 3423 466 3480 Medea
483 3421 517 3475 de
534 3422 610 3475 luctu
627 3438 658 3474 ae
672 3419 766 3473 dolore
809 3425 909 3486 re‚uhi
922 3425 1016 3479 seniles
1030 3445 1114 3480 anuos
1133 3428 1171 3479 ita
1183 3429 1323 3500 transigas,

251 3513 372 3583 cogitans
393 3504 490 3576 quihus
510 3500 643 3554 afficietur
668 3498 766 3564 draeo,
810 3516 841 3556 ut
861 3503 1015 3576 apresenti
1031 3503 1124 3558 dolore
1140 3505 1260 3558 animum
1275 3507 1326 3560 dif-

253 3606 283 3647 ut
296 3589 411 3664 primum
424 3581 574 3653 evigilabit,
589 3599 639 3633 nee
656 3579 767 3650 amplius
813 3582 927 3648 fundas,
940 3583 1076 3636 exhilares.

253 3667 352 3726 videbit
376 3661 502 3719 custodire
524 3678 577 3712 sue
597 3659 768 3713 commissum
850 3665 909 3717 103.
923 3670 1054 3716 Immemor
1065 3667 1126 3728 mei,
1142 3684 1176 3718 ne
1191 3667 1227 3719 sis
1238 3669 1327 3740 pinei·

253 3753 352 3812 vellus,
364 3743 508 3799 exclamat:
524 3760 570 3792 nec
581 3753 605 3791 te
616 3744 702 3792 saltem
714 3760 768 3808 per·
812 3765 902 3810 sassa,
913 3755 1096 3816 utpertotum
1105 3763 1180 3798 mare
1190 3746 1274 3798 sibilis
1283 3763 1327 3799 me

254 3823 313 3892 emi,
323 3839 354 3881 ut
366 3822 491 3878 acerbum
504 3819 635 3890 effugeres
649 3818 768 3873 dolorem
811 3841 972 3896 prosequare
981 3821 1040 3877 tuis.

254 3913 302 3986 qui
315 3921 342 3961 te
357 3911 447 3957 manet
462 3918 534 3962 eras,
550 3902 597 3950 dett
611 3919 700 3951 mum
711 3921 769 3967 pas·
850 3905 909 3958 105.
919 3903 961 3954 Tu
969 3905 1159 3970 vero,1uson,
1171 3918 1274 3955 cunetas
1286 3907 1327 3955 di·

256 4011 311 4046 sure
324 3989 388 4041 diem
398 3988 408 4032 !
417 3979 501 4033 Miror
513 3977 587 4031 hune
602 3997 707 4033 sensum
720 3998 768 4032 na·
812 3986 894 4043 mitte,
913 3999 1024 4052 rumpe,
1046 4002 1137 4036 moras.

255 4087 319 4127 ture
330 4078 356 4120 et
368 4059 510 4116 affectibus
520 4071 575 4112 tam
584 4059 653 4112 bene
664 4077 768 4114 seeum·
851 4064 909 4113 106.
923 4064 1025 4121 Nesia,
1040 4059 1120 4134 impia
1132 4062 1161 4112 in
1173 4072 1327 4132 parentem,

255 4149 392 4206 morinum
401 4141 541 4214 Wagner-o
550 4139 578 4192 in
588 4151 705 4194 ruentem
713 4159 768 4193 nou
811 4151 902 4194 taurus
911 4140 967 4212 ejus
978 4136 1146 4211 compescam
1156 4142 1291 4208 terrigenas
1300 4140 1326 4190 ἐκ
