3006 4676
99 459 113 482 Ι
231 385 294 467 294
416 447 420 455 ,
674 379 865 443 ORPHEI

276 513 399 576 Divinae
417 513 541 576 Lemni.
559 513 667 576 Scelus
690 511 754 576 illic
771 533 847 576 ausa
865 509 1041 575 nefandum

275 627 431 690 Foeminei
449 627 552 692 rabies
570 627 636 692 odii
652 629 773 709 jurata,
790 627 920 691 maritos
1036 693 1039 712 ‚

276 743 383 806 Exitio
400 741 508 807 dedit:
527 759 575 806 ast
590 742 708 807 deinde
724 743 910 806 volentibus
925 741 1002 830 ipsis

276 858 419 945 lmperat
433 859 609 946 Hypsipyle
626 859 750 922 cunetis
769 856 943 922 formosior
960 869 1049 921 una.'

318 969 381 1036 Sed
398 972 457 1036 tibi
475 971 555 1061 quid
571 972 682 1036 multis
699 971 835 1036 referam
856 971 915 1036 dea
934 971 1052 1062 Cypria
1072 985 1196 1059 quanto
1264 995 1303 1044 ⁴7·

273 1086 399 1151 Fecerit
415 1088 490 1177 igne
506 1088 594 1176 gravi
611 1084 813 1175 splendentia
828 1101 961 1174 pectora
978 1065 1127 1151 nostmrir

273 1201 489 1267 Lemniadum
505 1203 624 1293 Minyis
640 1203 761 1266 sociare
777 1201 896 1266 cubilia
909 1201 1056 1282 junctis?

272 1317 427 1406 Reginam
442 1317 642 1407 Hypsipylen
660 1316 776 1382 ardens
794 1317 985 1406 compressit
1004 1317 1123 1398 lason3

274 1435 333 1498 Ast
348 1431 423 1496 alias
440 1431 510 1514 alii;
526 1431 630 1520 pelagi
649 1454 710 1496 nec
727 1455 804 1496 eura
821 1430 982 1496 manebat.

273 1548 386 1610 Donec
404 1570 456 1611 me
474 1546 581 1611 tardos
597 1548 707 1610 animo
723 1545 913 1636 indignante
928 1567 1091 1629 recessus,
1237 1583 1239 1586 ·
1262 1559 1303 1613 ⁴⁷⁵
1379 1603 1384 1611 .

273 1662 316 1725 Et
332 1661 466 1726 monitis
480 1660 637 1725 miscente
653 1663 777 1743 minas,
796 1661 985 1726 referuntur
999 1660 1040 1724 ad
1056 1664 1144 1750 Argo

272 1777 422 1867 Remigio
437 1778 570 1858 intenti,
589 1777 699 1866 patriae
717 1800 851 1866 quoque
868 1800 945 1842 cura
965 1775 1100 1840 subiret.

320 1891 388 1957 Sub
404 1893 510 1958 lucem
530 1893 681 1983 Zephyro
695 1893 833 1982 puppim
849 1893 986 1956 feriente
1003 1912 1138 1970 sereno,

272 2006 501 2097 Hellespontus
517 2008 779 2097 habet„n0sque
795 2023 882 2072 arcta
900 2006 1055 2095 relinquit
1071 2003 1215 2094 Abydos.

272 2121 471 2187 Dardanium
489 2145 507 2186 a
523 2122 659 2204 dextris,
672 2125 832 2213 Pityeque
851 2138 935 2204 erat,
956 2123 1038 2186 llion
1054 2121 1185 2210 ingens,
1261 2140 1303 2186 us

272 2233 411 2299 Pulcher
425 2235 483 2299 ubi
498 2233 636 2324 AEsepus
653 2238 830 2319 Percoten,
847 2234 1120 2323 Abarniadanque

272 2349 454 2438 Frugiferae
471 2352 571 2413 terras
587 2349 834 2438 splendentibus
850 2349 942 2414 alluit
964 2347 1072 2414 undis.

271 2465 356 2527 Laeta
374 2463 538 2527 ferebatur
555 2465 658 2529 ventis
675 2464 886 2531 stridentibus
905 2468 1005 2554 Argo.
1118 2459 1120 2464 ’

272 2579 376 2665 Atque
393 2579 451 2643 ubi
466 2579 532 2660 jam
549 2579 625 2644 litus
642 2583 913 2669 compressimus,
929 2580 1001 2668 ipse
1016 2577 1168 2668 magister

271 2693 448 2756 Haemoniae
466 2695 603 2782 puppis,
620 2693 717 2759 sinrul
736 2711 768 2759 et
780 2695 952 2783 praecelsus
966 2695 1079 2774 lason,
1261 2708 1300 2754 με

258 2809 379 2894 'Atque
396 2831 460 2872 una
476 2808 595 2898 Minyae
613 2810 727 2898 reliqui
741 2827 956 2875 monumenta
969 2793 1124 2875 Minervae

271 2922 399 2988 Erecto
406 2921 565 2988 [edificant
582 2919 678 3008 saxo,
695 2924 934 3014 pulcherrimus
954 2922 1043 2989 unde

271 3036 383 3102 Manat
397 3036 438 3101 ab
454 3037 589 3102 Artaciae
606 3039 833 3127 Nympharum
851 3061 987 3102 munere
1003 3059 1139 3128 gurges,

273 3152 366 3215 Dona
383 3152 463 3236 deae,
479 3153 633 3240 quoniam
652 3175 710 3241 per
726 3174 866 3217 concava
882 3153 977 3216 litora
994 3152 1089 3241 ponti

272 3267 538 3356 Hellespontiacis
555 3267 651 3331 facies
667 3267 773 3331 arrisit
790 3269 823 3331 in
840 3266 947 3332 undis.
1262 3293 1302 3342 ⁴90

272 3383 313 3446 Et
330 3381 421 3445 nullo
439 3381 616 3445 introrsum
634 3369 730 3445 motis
748 3383 899 3473 aquilone
916 3382 1085 3471 procellis,

271 3494 424 3561 Jactanda
439 3497 473 3558 in
492 3493 616 3560 medios
630 3519 697 3560 non
710 3495 779 3561 haec
794 3497 859 3561 fuit
874 3521 992 3562 ancora
1010 3495 1145 3579 fluctus3

272 3611 490 3698 porrectoque
507 3610 571 3674 illic
590 3611 728 3675 tentoria
747 3611 842 3676 litore
860 3611 980 3702 ligunt,

271 3727 313 3791 Et
328 3725 437 3814 pransi
453 3741 639 3814 exspectant
655 3727 813 3792 venientis
829 3742 975 3817 tempora
991 3751 1101 3792 coenae.

270 3839 405 3929 Jamque
422 3840 669 3924 recumbebant,
686 3843 775 3908 venit
794 3866 898 3932 quum
916 3845 1052 3932 Cynicus
1069 3843 1183 3927 heros,
1254 3861 1296 3912 ⁴9⁵

270 3957 412 4045 Imperat
428 3955 482 4019 hic
495 3954 584 4044 genti
602 3957 834 4045 Dolopumque
850 3957 1154 4045 Perictionumque,

272 4071 368 4137 AEnei
386 4095 497 4137 earum
514 4073 650 4162 pignus,
667 4095 766 4161 quem
782 4073 845 4138 filia
862 4071 938 4137 clari
