3022 4678
253 351 313 425 114
550 343 586 404 C.
611 335 809 402 VALERII
839 329 1009 397 FLACCI

291 484 445 567 Dumque
460 475 547 539 illam
563 471 657 534 variis
671 479 860 532 moerentem
875 459 1010 524 vocibus
1026 456 1142 536 ambit,

292 599 396 682 Inque
418 591 479 654 alio
499 606 647 652 sermone
663 597 769 658 tenet,
782 610 794 634 ι
805 575 894 660 Quin
911 573 992 652 hoc,
1010 571 1073 651 ait,
1096 567 1190 648 audi,

292 713 398 797 Atque
419 702 527 768 attolle
548 719 678 789 genam
691 693 895 778 lacrimisque
910 688 978 750 luec
995 683 1067 748 infit
1083 681 1226 747 obortis:

291 826 431 908 «Quum
447 819 523 882 levis
540 839 557 878 a
574 812 697 902 superis
711 808 751 874 ad
762 825 793 872 te
808 805 907 870 modo
923 803 1047 865 laberer
1060 798 1162 876 auris,

290 944 387 1006 Forte
402 952 504 1000 ratem
523 932 628 1019 primo
644 924 824 1014 fugientem
837 918 931 981 litore
947 935 1063 991 cerno,
1272 923 1312 960 ³60

291 1053 428 1137 Qualem
445 1063 554 1112 nostra
570 1064 631 1106 suo
650 1057 819 1123 nunquam
841 1028 1003 1094 dimittere
1022 1039 1120 1114 portu

287 1169 409 1246 Vellet,
427 1162 534 1226 adhuc
552 1175 664 1220 omnes
681 1172 753 1238 quae
770 1146 893 1210 detinet
911 1139 1014 1204 insula
1031 1151 1154 1200 nautas.

284 1287 377 1348 Unus
395 1281 440 1344 ibi
453 1291 531 1340 'ante
547 1271 642 1351 alios,
668 1266 724 1354 qui
745 1279 813 1326 tum
831 1258 911 1322 mihi
928 1253 1094 1343 pulchrior
1109 1271 1222 1311 omnes

288 1399 385 1461 Visus
405 1407 473 1456 erat
493 1387 673 1476 (longeque
690 1378 805 1442 ducem
823 1371 962 1436 mirabar
981 1361 1135 1452 etipsa),

291 1510 444 1589 Advolat,
462 1521 559 1590 atque
573 1518 672 1562 unam
689 1491 845 1556 comitum
863 1500 951 1548 ratus
970 1502 1038 1544 esse
1057 1493 1203 1541 tuarum:
1272 1487 1311 1526 2⁶5

287 1628 378 1704 «Per,
401 1621 456 1687 tibi
477 1620 501 1682 si
520 1616 610 1703 quis,
630 1611 690 1689 ait,
711 1603 859 1668 morituri
878 1598 1027 1688 protinus
1043 1592 1178 1670 horror,
1248 1639 1252 1648 .

291 1742 356 1804 «Et
376 1757 474 1824 quem
491 1753 559 1795 non
578 1723 700 1788 meritis
718 1719 825 1782 videas
844 1731 1014 1778 occurrere
1031 1707 1201 1784 monstris,

290 1855 408 1930 uHaec,
425 1853 551 1936 precor,
563 1842 632 1902 haec
647 1833 786 1899 dominae
803 1831 920 1893 referas
935 1823 976 1889 ad
995 1821 1125 1909 virginis
1144 1841 1274 1896 aureni;

291 1970 366 2032 «Tu
385 1963 477 2027 lletus
492 1952 627 2021 ostende
645 1971 735 2014 meos
750 1972 758 2028 ς
779 1945 823 2009 illi
842 1945 899 2006 has
916 1963 976 2028 ego
998 1959 1110 2015 voces,

279 2169 331 2217 261.
350 2169 426 2212 Porto.
442 2159 518 2206 Vasio.
542 2155 593 2202 cod.
614 2157 695 2202 Ponto.
718 2153 807 2196 Bonom
827 2145 879 2190 cod,
895 2147 984 2188 Bonon.
1000 2139 1008 2184 l
1026 2148 1049 2184 et
1066 2139 1104 2190 ΙΙ,
1121 2145 1145 2182 et
1164 2134 1218 2180 edd.
1237 2147 1311 2193 usque

246 2252 277 2297 ad
293 2250 393 2307 lingent.
407 2267 438 2277 —
455 2239 508 2292 264.
522 2237 552 2282 Et
562 2238 617 2298 ipse.
629 2237 718 2279 Bonan.
733 2229 786 2275 cod.
803 2228 887 2272 Matar.
901 2221 954 2267 tid.
970 2220 1033 2265 carr.
1051 2218 1094 2263 En.

286 2445 343 2497 256.
357 2441 439 2492 Variis
453 2433 757 2486 merentemuocibusam·
837 2418 896 2470 263.
922 2416 961 2466 Ex
986 2413 1036 2465 hac
1059 2413 1139 2483 igitur
1162 2408 1223 2460 nati
1242 2425 1311 2458 uum

250 2529 297 2584 bit,
317 2517 468 2589 ambagibus
491 2515 584 2578 utitur,
610 2514 682 2576 inque
705 2509 756 2574 alio
800 2516 854 2569 pre
869 2495 967 2548 ceteris
977 2495 1010 2546 ita
1021 2494 1143 2565 pulcher,
1157 2503 1186 2544 nt
1198 2491 1253 2560 ipsa
1265 2487 1311 2538 mi·

247 2621 356 2656 sermone
375 2611 452 2658 cenet,
474 2593 592 2647 dolorem
612 2607 673 2640 mox
690 2586 756 2646 hac,
801 2597 882 2642 rarer,
892 2577 1010 2639 advolat,
1023 2587 1163 2642 ratusque,
1178 2585 1219 2622 me
1229 2585 1309 2620 unam

249 2701 310 2737 mox
320 2681 364 2732 illa
379 2677 496 2734 oratione
511 2674 598 2726 letare
609 2668 675 2720 velle
688 2663 758 2716 vide·
802 2677 857 2712 esse
867 2657 993 2710 comitum
1008 2668 1115 2707 tuantm
1126 2692 1134 2716 ,
1144 2651 1178 2704 ita
1192 2649 1307 2702 ellatur:

249 2779 300 2818 tur.
311 2793 345 2803 -—
357 2759 435 2813 Cous.
450 2757 524 2825 Virg.
539 2755 599 2804 AEn.
616 2750 665 2812 IV,
684 2747 733 2797 283
749 2761 755 2796 :
803 2746 856 2799 Per,
866 2741 909 2788 tibt'
920 2740 943 2788 εἰ
955 2739 1008 2804 quis
1018 2733 1245 2798 ntort'turiprotinus
1254 2732 1310 2778 lior·

250 2855 298 2904 quo
316 2851 380 2883 nnnc
398 2831 509 2896 reginam
530 2825 623 2874 asnbire
634 2821 758 2886 fluentem
802 2837 852 2878 ror,
867 2818 890 2869 si
903 2817 963 2889 quis
979 2809 1149 2866 humanitatis
1161 2807 1208 2860 tibi
1221 2825 1311 2860 sensus

248 2917 349 2967 Audeat
362 2911 472 2978 adfatim
485 2905 539 2956 En.
803 2909 829 2950 et
848 2894 1039 2964 commiseratio
1059 2888 1174 2941 hominis
1192 2897 1249 2948 est,
1264 2885 1310 2955 qui

285 2993 344 3062 ²⁵7·
355 2989 417 3042 Noli
433 3001 562 3047 moerere,
580 2982 653 3048 φαίη,
677 2977 759 3030 immo
804 2983 830 3034 in
860 2975 916 3044 ipso
941 2973 1031 3024 mortis
1058 2966 1169 3020 articulo
1193 2975 1311 3016 versatur

249 3092 323 3134 vero,
336 3071 399 3121 aetdr'
405 3105 412 3127 ,
423 3083 482 3136 que
492 3061 622 3120 narrabo,
636 3072 710 3124 atque
721 3070 760 3105 at·
804 3052 976 3120 (constructio
989 3049 1047 3101 talis
1059 3055 1101 3102 τοῦ
1110 3067 1154 3114 per
1162 3047 1190 3098 in
1198 3041 1312 3117 jurando

249 3156 409 3218 rodegarius,
423 3143 531 3203 oculos,
546 3140 647 3190 vultum
660 3134 739 3204 erige.
804 3142 829 3181 et
852 3127 1007 3182 obtestando
1028 3125 1101 3178 liaud
1126 3125 1247 3186 insolitu
1273 3123 1311 3176 sic

288 3221 348 3288 ²59·
360 3223 439 3282 Qrtum
458 3216 514 3265 levis
532 3229 611 3263 curru
630 3224 707 3266 me0‚
724 3207 761 3254 ad
804 3208 897 3278 virgil.
908 3213 963 3258 AEn.
977 3208 1015 3267 ll,
1033 3213 1079 3268 142
1091 3223 1098 3258 :
1111 3212 1166 3265 Per,
1177 3207 1199 3254 si
1207 3223 1258 3270 quo
1267 3218 1309 3261 est,

251 3316 287 3361 te,
301 3311 346 3350 tua
358 3295 428 3348 enim
440 3291 522 3346 solius
530 3305 608 3342 causa
617 3285 671 3336 huc
682 3281 758 3346 veni,
803 3307 859 3355 quse
868 3301 965 3347 restet„
974 3325 995 3340 ..
1002 3289 1075 3358 fides,
1090 3305 1143 3344 oro,
1159 3286 1269 3333 miserere
1277 3284 1312 3330 Ia·

250 3398 275 3429 v.
297 3377 358 3440 223,
381 3375 452 3424 modo
472 3370 562 3437 superis
582 3366 663 3422 auris,
682 3377 756 3423 We,
803 3369 923 3435 bonam),
944 3383 966 3418 et
980 3386 1050 3435 quem
1060 3383 1109 3414 nott
1118 3365 1225 3421 mritis,
1240 3357 1312 3411 haud

250 3461 351 3516 laberer,
356 3455 427 3525 sorte
441 3465 519 3502 ratem
524 3448 618 3515 primo»
630 3452 756 3501 extrem,
802 3445 940 3510 meritum,
951 3449 1039 3496 videas
1054 3459 1195 3500 occurrere,
1212 3438 1311 3511 objici,

250 3539 321 3588 litore
332 3553 403 3584 cerno
409 3532 559 3601 fiagientem‚
570 3522 643 3586 vela,
657 3517 757 3570 abitum
802 3529 923 3579 monstris.

252 3626 388 3687 parantem
406 3615 509 3678 (asttrte
529 3602 580 3654 hoc
599 3597 687 3668 lingit,
704 3613 758 3666 quo
840 3605 898 3657 268,
921 3608 981 3654 Hm
1004 3603 1110 3650 domim
1132 3609 1184 3649 tua
1207 3599 1314 3664 πρωϊ

254 3693 335 3765 magis
354 3689 475 3744 Medeam
492 3679 630 3740 incendat,
645 3689 758 3748 tempu*
803 3686 840 3734 illi
858 3686 903 3734 ltas
918 3699 991 3730 voces
1009 3681 1102 3744 ltasqne
1115 3695 1202 3726 manto
1219 3678 1311 3725 tendo:

253 3793 305 3846 que
315 3763 478 3824 deliberandi
490 3757 641 3847 procidat),
650 3772 773 3815 ¹¹⁸Ve¹¹¹u
803 3762 854 3814 hoc
872 3763 944 3811 tendo
968 3754 1074 3828 proprie
1092 3753 1207 3807 adcolas
1227 3773 1313 3805 mama

253 3852 377 3922 inquam,
402 3858 456 3897 tam
485 3853 632 3910 θςΝὸῑθῑῐὶ,
654 3831 760 3905 qualem
803 3841 933 3912 pertinet,
947 3834 993 3888 sed
1011 3845 1101 3886 amant
1114 3844 1199 3904 poetae
1216 3832 1244 3884 in
1263 3833 1313 3902 pri·

252 3949 301 3998 ego
313 3945 342 3979 ex
353 3923 436 3976 imula
454 3935 512 3970 ¹¹10&
529 3932 666 3985 nunquam
679 3911 762 3965 dimit·
805 3919 855 3971 mis
868 3935 950 3970 unum
962 3913 1070 3965 verbum
1082 3909 1185 3962 duobus
1199 3909 1241 3961 vel
1255 3911 1313 3980 plu-

252 4031 343 4068 terem.
367 4039 402 4050 -
420 4005 490 4058 Vide
509 4002 542 4056 ad
563 4001 662 4054 calcem
682 3997 761 4070 hujus
805 3997 879 4049 ribus
892 3999 1000 4067 jungere
1019 3989 1203 4054 substantivis,
1222 4008 1312 4059 quam-

253 4091 312 4146 libri
325 4101 381 4142 not.
394 4089 451 4140 262.
467 4084 517 4136 En.
805 4093 885 4146 quam
905 4073 952 4125 uni
974 4083 1076 4123 tantum
1092 4068 1200 4140 proprie
1223 4080 1313 4138 aptum
