2994 4702
352 351 359 364 “
483 369 918 434 anconauranun.
1167 371 1229 458 357

173 491 312 573 tradere,
327 491 405 556 alios
418 513 495 554 vero
511 491 593 554 cirea
603 465 731 556 ‘renum
746 491 883 556 insulam
893 494 934 556 ab
944 493 1083 557 Hercule
1091 493 1231 576 occisos,

175 613 280 662 narrat
293 595 507 685 Apollodorus
532 597 554 660 l.
571 597 592 661 l.
610 597 758 685 Hyginus
774 599 844 662 telis
858 599 898 662 ab
911 599 1050 662 Hercule
1064 601 1229 663 confectos

100 737 103 748 ·
173 704 287 768 refert:
300 725 367 790 quo
384 701 512 792 respicit
527 702 638 766 Senec.
656 701 742 766 Med.
759 702 842 780 634:

366 836 461 890 Str-erit
474 834 577 889 Alcides
591 835 721 908 Aquilone
733 849 818 890 natos.

174 962 238 1026 Ubi
254 959 327 1024 vide
342 959 496 1024 Delrium.
511 957 701 1024 Comlidisse
718 957 832 1025 Calain
846 961 950 1042 Cales,
965 963 1080 1026 urbem
1095 964 1128 1025 in
1144 965 1234 1026 Cam·

174 1067 406 1161 pania,euctor
415 1081 463 1129 est
476 1064 570 1130 Silius
579 1067 647 1129 Ital.
656 1065 750 1146 Vlll,
761 1065 841 1145 514,
851 1091 946 1154 quam
960 1085 992 1132 et
1003 1068 1058 1133 lib.
1073 1069 1146 1150 xli,
1159 1067 1234 1150 525,

176 1173 353 1238 Tlueiciam
364 1171 461 1238 Galen
478 1171 552 1235 ideo
572 1187 684 1252 rocat3
701 1171 757 1236 sed
776 1173 903 1238 Cluver.
918 1174 987 1236 ltal.
1000 1174 1109 1261 Antiq.
1120 1173 1176 1254 IV,
1195 1176 1233 1254 6,

176 1295 303 1366 poetam
319 1301 357 1342 ex
375 1275 584 1341 similitudine
595 1276 828 1340 vocabulorum
842 1277 877 1340 id
891 1275 1020 1340 finxisse
1035 1295 1162 1361 censet,
1177 1303 1234 1344 cu·

174 1383 226 1464 jus
247 1383 413 1448 sententiae
437 1381 559 1446 accedit
578 1381 770 1446 eruditionis
789 1405 923 1446 summae
939 1384 988 1446 vir
1005 1385 1160 1448 Camillus
1176 1385 1235 1448 Pe·

176 1491 321 1580 regrinus
332 1538 341 1572 ‚
354 1488 481 1554 dissert.
497 1488 527 1552 ll
538 1486 579 1552 de
593 1489 767 1576 Campania
776 1489 879 1552 Felice
888 1539 896 1572 ,
905 1511 975 1578 pag.
987 1489 1068 1573 3163
1081 1489 1235 1554 sedidem

175 1599 224 1662 vir
248 1618 394 1660 summus
418 1619 485 1660 non
512 1595 696 1660 observasse
721 1596 904 1660 Cluverium
931 1612 1039 1677 notat,
1060 1595 1173 1660 Silium
1195 1596 1236 1660 de

179 1702 247 1784 ejus
268 1703 331 1768 situ
356 1702 516 1766 contraria
533 1700 665 1765 dixisse:
682 1723 785 1788 quum
801 1701 888 1764 enim
906 1701 960 1764 lib.
978 1702 1042 1765 Xll
1057 1717 1143 1766 recte
1166 1725 1236 1766 eam

178 1807 262 1872 inter
277 1810 454 1895 Campanas
467 1805 692 1888 retulerit,lib.
704 1806 783 1869 Vlll
797 1828 867 1869 eam
882 1806 1018 1870 collocet
1034 1807 1067 1870 in
1085 1805 1236 1896 Pelignis.

178 1913 273 1978 Unde
284 1936 361 1976 vero
373 1911 479 1976 editor
491 1912 722 1975 numismatum
734 1912 937 2001 egregiorum
949 1934 987 1976 ex
998 1911 1113 1976 Museo
1129 1913 1238 1976 Jacobi

177 2020 217 2084 de
236 2019 340 2082 Wilde
362 2018 540 2099 resciverit,
556 2033 653 2108 caput
674 2017 801 2103 juvenis
824 2019 897 2082 alati
920 2021 952 2082 in
980 2039 1116 2081 nummo
1140 2019 1238 2082 Amisi

179 2125 268 2190 urbis
288 2124 417 2190 Galatiae
435 2147 503 2188 esse
528 2124 644 2206 Calais,
659 2123 782 2204 nesci03
797 2141 830 2188 et
844 2124 957 2187 vellem
984 2124 1078 2188 nobis
1094 2123 1143 2188 vel
1163 2126 1239 2186 uni·

179 2255 255 2298 cum
277 2230 497 2296 testimonium
512 2231 627 2294 veteris
652 2231 817 2318 scriptoris
837 2229 1040 2318 protulisset,
1056 2253 1121 2317 quo
1140 2231 1241 2317 suspi-

179 2338 305 2401 cionem
332 2335 373 2400 de
399 2336 501 2416 Calai,
517 2335 686 2400 conditore
708 2335 826 2416 Amisi,
844 2333 1016 2398 firmasset:
1032 2334 1120 2399 unde
1144 2335 1238 2398 etiam

181 2441 272 2508 Cales
285 2441 418 2523 urbem,
431 2440 472 2504 de
489 2463 556 2529 quo
575 2439 674 2503 modo
686 2439 842 2521 vidimus,
857 2440 1016 2504 Galerium
1031 2455 1175 2503 vocatam
1192 2439 1241 2503 di·

181 2548 311 2628 dicerit,
324 2547 437 2611 vellem
460 2545 629 2610 indicasset
640 2569 649 2625 3
661 2567 851 2633 persuasum
876 2563 982 2610 tamen
1008 2546 1104 2610 etiam
1121 2545 1160 2608 cl.
1177 2547 1239 2608 lac.

181 2653 364 2735 Gronovio,
382 2667 478 2741 caput
504 2652 537 2714 in
566 2673 702 2714 nummo
725 2652 840 2730 Amisi,
857 2673 925 2714 esse
949 2652 1069 2731 Calais,
1085 2650 1179 2714 video
1203 2671 1242 2713 ex

183 2773 272 2824 tomo
287 2759 301 2822 l
314 2755 560 2822 ThesauriAnt.
577 2755 679 2819 Graec.
696 2756 730 2818 in
747 2778 846 2842 quem
863 2779 938 2820 eum
957 2757 1114 2835 contulit;
1129 2755 1185 2820 sed
1202 2757 1242 2818 de

182 2863 263 2927 urbe
278 2863 387 2927 Amiso
401 2862 566 2925 mentione
581 2861 668 2926 nulla
684 2863 765 2924 facte
776 2887 784 2944 3
796 2861 887 2948 quod
904 2879 1009 2924 tamen
1027 2862 1181 2949 oportuit.
1195 2863 1243 2924 Ex

184 2969 313 3058 Hygino
325 2984 470 3050 tantum,
484 2967 546 3032 lab.
560 2967 622 3054 273
636 2967 715 3054 (nou
736 2968 822 3054 237),
833 2983 1003 3047 memorat,
1018 2967 1127 3031 Calain
1144 2968 1177 3029 in
1195 2967 1244 3027 lu·

184 3073 250 3157 dis,
268 3097 351 3163 quos
373 3076 507 3137 Acastus
529 3073 620 3154 lecit,
635 3074 775 3162 Argivis,
788 3073 901 3137 vicisse
924 3072 1052 3154 diaulo;
1070 3071 1245 3160 dequibus

186 3179 270 3243 ludis
291 3179 323 3242 iu
335 3182 452 3242 Acasto
467 3179 604 3267 egimus.
616 3180 648 3243 Si
666 3179 703 3242 iis
717 3202 794 3242 vero
811 3177 913 3242 Calais
935 3194 967 3240 et
989 3179 1081 3240 Zetes
1093 3176 1245 3254 vicerint,

186 3285 292 3350 virere
320 3301 407 3348 certe
438 3299 512 3372 post
539 3283 777 3372 expeditionem
803 3283 1075 3371 Argonautioam3
1096 3279 1152 3345 sed
1179 3303 1246 3367 quo

186 3407 329 3479 tempore
353 3390 394 3452 ab
417 3389 554 3453 Hercule
577 3390 747 3477 perierint,
775 3389 894 3451 nescio.
918 3387 1003 3450 Dion
1026 3385 1191 3474 Chrysost.
1212 3387 1244 3446 in

186 3495 405 3576 Corinthiaca,
420 3517 451 3582 p.
468 3493 549 3576 458,
565 3517 661 3582 quem
673 3493 793 3558 indicio
807 3493 844 3556 cl.
862 3491 1018 3557 Gronovii
1032 3490 1139 3553 locum
1156 3489 1250 3552 debe·

187 3602 354 3683 mus,hoc
379 3617 539 3664 certamen
565 3623 583 3662 a
608 3601 762 3688 Neptuno
786 3614 819 3661 et
841 3599 914 3662 Sole
937 3614 1121 3661 institutum
1139 3597 1197 3678 ait,
1215 3597 1246 3658 in

187 3729 254 3794 quo
268 3723 300 3771 et
310 3709 397 3796 Argo
409 3705 498 3770 navis
509 3705 603 3788 vicit,
618 3728 689 3793 quae
701 3721 811 3793 postea
822 3729 839 3766 a
850 3704 964 3767 Jasone
977 3707 1038 3766 luit
1051 3715 1249 3782 (umectata,

189 3813 244 3877 ubi
262 3815 295 3876 in
313 3814 437 3878 Isthmo
453 3830 633 3894 certamen,
647 3835 713 3876 non
730 3811 819 3901 Argis
833 3811 931 3874 fuisse
945 3830 1153 3874 commissum
1170 3807 1250 3870 dici·

189 3935 252 3999 tur,
269 3937 300 3982 et
316 3919 414 4000 nulli,
427 3919 485 3981 nisi
498 3919 705 4006 Argonautae,
719 3933 874 3997 certasse,
886 3939 952 3979 non
969 3915 1037 3995 alii,
1047 3936 1130 4000 quos
1149 3913 1250 4000 Hygi-

191 4047 251 4085 nus
267 4025 429 4088 admiscet.
449 4025 606 4087 Caeterum
621 4021 737 4087 Calain
751 4039 782 4085 et
797 4023 895 4085 Zeten
909 4045 991 4108 saepe
1005 4045 1021 4084 a
1040 4017 1250 4106 scriptoribus

191 4131 342 4191 confusos
365 4153 441 4192 cum
465 4128 638 4215 Amphione
657 4145 688 4190 et
708 4129 784 4190 Zeto
808 4126 987 4189 observavit
1003 4125 1049 4186 vir
1074 4119 1251 4184 eruditissi-
