<?xml version="1.0" encoding="UTF-8"?>
<!DOCTYPE html PUBLIC "-//W3C//DTD XHTML 1.0 Transitional//EN"
    "http://www.w3.org/TR/xhtml1/DTD/xhtml1-transitional.dtd">
<html xmlns="http://www.w3.org/1999/xhtml" xml:lang="en" lang="en">
 <head>
  <title>
</title>
<meta http-equiv="Content-Type" content="text/html;charset=utf-8" />
  <meta name='ocr-system' content='tesseract 3.04.00' />
  <meta name='ocr-capabilities' content='ocr_page ocr_carea ocr_par ocr_line ocrx_word'/>
</head>
<body>
  <div class='ocr_page' id='page_1' title='image "./cvaleriiflaccis02apolgoog_0274.png"; bbox 0 0 3006 4676; ppageno 0'>
   <div class='ocr_carea' id='block_1_1' title="bbox 225 348 1126 433">
    <p class='ocr_par' dir='ltr' id='par_1_1' title="bbox 225 348 1126 433">
     <span class='ocr_line' id='line_1_1' title="bbox 225 348 1126 433; baseline 0 -19"><span class='ocrx_word' id='word_1_1' title='bbox 225 350 289 416; x_wconf 76' lang='lat'><strong>268</strong></span> <span class='ocrx_word' id='word_1_2' title='bbox 383 349 469 414; x_wconf 77' lang='lat'>1³10</span> <span class='ocrx_word' id='word_1_3' title='bbox 497 350 748 433; x_wconf 82' lang='lat' dir='ltr'>AUCTORE,</span> <span class='ocrx_word' id='word_1_4' title='bbox 771 348 1126 415; x_wconf 83' lang='lat' dir='ltr'><strong>SUPPLEMENTA</strong></span> 
     </span>
    </p>
   </div>
   <div class='ocr_carea' id='block_1_2' title="bbox 261 483 1343 2403">
    <p class='ocr_par' dir='ltr' id='par_1_2' title="bbox 261 483 1343 2403">
     <span class='ocr_line' id='line_1_2' title="bbox 267 483 1291 574; baseline -0.001 -25"><span class='ocrx_word' id='word_1_5' title='bbox 267 485 404 550; x_wconf 80' lang='lat' dir='ltr'><strong>Dictaeas</strong></span> <span class='ocrx_word' id='word_1_6' title='bbox 416 485 531 568; x_wconf 79' lang='lat' dir='ltr'><strong>Talus3</strong></span> <span class='ocrx_word' id='word_1_7' title='bbox 548 484 626 548; x_wconf 90' lang='lat' dir='ltr'><strong>huic</strong></span> <span class='ocrx_word' id='word_1_8' title='bbox 641 484 748 574; x_wconf 89' lang='lat' dir='ltr'><strong>rigido</strong></span> <span class='ocrx_word' id='word_1_9' title='bbox 767 501 854 550; x_wconf 81' lang='lat' dir='ltr'><strong>stant</strong></span> <span class='ocrx_word' id='word_1_10' title='bbox 869 506 1006 574; x_wconf 89' lang='lat' dir='ltr'><strong>corpora</strong></span> <span class='ocrx_word' id='word_1_11' title='bbox 1021 483 1110 550; x_wconf 87' lang='lat' dir='ltr'><strong>ferro</strong></span> <span class='ocrx_word' id='word_1_12' title='bbox 1250 499 1291 540; x_wconf 68' lang='grc' dir='ltr'><strong>σεο</strong></span> 
     </span>
     <span class='ocr_line' id='line_1_3' title="bbox 265 598 1025 688; baseline 0 -24"><span class='ocrx_word' id='word_1_13' title='bbox 265 601 373 680; x_wconf 86' lang='lat' dir='ltr'><strong>Dura,</strong></span> <span class='ocrx_word' id='word_1_14' title='bbox 391 621 452 663; x_wconf 91' lang='lat' dir='ltr'><strong>uec</strong></span> <span class='ocrx_word' id='word_1_15' title='bbox 466 599 614 664; x_wconf 88' lang='lat' dir='ltr'><strong>humano</strong></span> <span class='ocrx_word' id='word_1_16' title='bbox 631 599 735 688; x_wconf 81' lang='lat' dir='ltr'>frangi</span> <span class='ocrx_word' id='word_1_17' title='bbox 754 614 890 688; x_wconf 90' lang='lat' dir='ltr'><strong>potuere</strong></span> <span class='ocrx_word' id='word_1_18' title='bbox 904 598 1025 664; x_wconf 87' lang='lat' dir='ltr'><strong>labore.</strong></span> 
     </span>
     <span class='ocr_line' id='line_1_4' title="bbox 268 712 959 804; baseline 0 -27"><span class='ocrx_word' id='word_1_19' title='bbox 268 713 332 778; x_wconf 87' lang='lat' dir='ltr'><strong>Sed</strong></span> <span class='ocrx_word' id='word_1_20' title='bbox 348 712 438 803; x_wconf 91' lang='lat' dir='ltr'><strong>pedis</strong></span> <span class='ocrx_word' id='word_1_21' title='bbox 454 713 490 777; x_wconf 91' lang='lat' dir='ltr'><strong>in</strong></span> <span class='ocrx_word' id='word_1_22' title='bbox 506 714 571 778; x_wconf 86' lang='lat' dir='ltr'><strong>talo</strong></span> <span class='ocrx_word' id='word_1_23' title='bbox 586 713 688 778; x_wconf 86' lang='lat' dir='ltr'><strong>letalis</strong></span> <span class='ocrx_word' id='word_1_24' title='bbox 706 714 862 804; x_wconf 88' lang='lat' dir='ltr'><strong>sanguine</strong></span> <span class='ocrx_word' id='word_1_25' title='bbox 877 735 959 778; x_wconf 83' lang='lat' dir='ltr'><strong>rena</strong></span> 
     </span>
     <span class='ocr_line' id='line_1_5' title="bbox 269 826 1343 893; baseline -0.003 -1"><span class='ocrx_word' id='word_1_26' title='bbox 269 828 369 893; x_wconf 91' lang='lat' dir='ltr'><strong>Plena</strong></span> <span class='ocrx_word' id='word_1_27' title='bbox 387 828 507 892; x_wconf 83' lang='lat' dir='ltr'><strong>micat:</strong></span> <span class='ocrx_word' id='word_1_28' title='bbox 524 827 631 892; x_wconf 87' lang='lat' dir='ltr'><strong>solum</strong></span> <span class='ocrx_word' id='word_1_29' title='bbox 648 827 712 891; x_wconf 90' lang='lat' dir='ltr'><strong>hoc</strong></span> <span class='ocrx_word' id='word_1_30' title='bbox 730 826 877 892; x_wconf 80' lang='lat' dir='ltr'><strong>obscurae</strong></span> <span class='ocrx_word' id='word_1_31' title='bbox 894 827 956 893; x_wconf 85' lang='lat' dir='ltr'><strong>iter</strong></span> <span class='ocrx_word' id='word_1_32' title='bbox 975 843 1025 892; x_wconf 90' lang='lat' dir='ltr'><strong>est</strong></span> <span class='ocrx_word' id='word_1_33' title='bbox 1041 826 1139 892; x_wconf 83' lang='lat' dir='ltr'><strong>breve</strong></span> <span class='ocrx_word' id='word_1_34' title='bbox 1158 827 1266 892; x_wconf 88' lang='lat' dir='ltr'><strong>morti.</strong></span> <span class='ocrx_word' id='word_1_35' title='bbox 1333 877 1343 889; x_wconf 70' lang='lat'><em>„</em></span> 
     </span>
     <span class='ocr_line' id='line_1_6' title="bbox 268 940 1032 1036; baseline -0.004 -29"><span class='ocrx_word' id='word_1_36' title='bbox 268 945 311 1008; x_wconf 84' lang='lat' dir='ltr'><strong>At</strong></span> <span class='ocrx_word' id='word_1_37' title='bbox 328 943 448 1032; x_wconf 77' lang='lat' dir='ltr'><strong>Minyae</strong></span> <span class='ocrx_word' id='word_1_38' title='bbox 464 943 560 1007; x_wconf 88' lang='lat' dir='ltr'><strong>tantis</strong></span> <span class='ocrx_word' id='word_1_39' title='bbox 579 942 726 1031; x_wconf 79' lang='lat' dir='ltr'>oppressi</span> <span class='ocrx_word' id='word_1_40' title='bbox 746 940 875 1036; x_wconf 77' lang='lat' dir='ltr'><strong>casibus¹</strong></span> <span class='ocrx_word' id='word_1_41' title='bbox 892 940 1032 1024; x_wconf 70' lang='lat' dir='ltr'><strong>haerent,</strong></span> 
     </span>
     <span class='ocr_line' id='line_1_7' title="bbox 266 1054 1288 1146; baseline -0.005 -24"><span class='ocrx_word' id='word_1_42' title='bbox 266 1058 386 1122; x_wconf 86' lang='lat' dir='ltr'><strong>Incerti</strong></span> <span class='ocrx_word' id='word_1_43' title='bbox 402 1079 469 1146; x_wconf 92' lang='lat' dir='ltr'><strong>quo</strong></span> <span class='ocrx_word' id='word_1_44' title='bbox 484 1057 553 1122; x_wconf 86' lang='lat' dir='ltr'><strong>vela</strong></span> <span class='ocrx_word' id='word_1_45' title='bbox 568 1054 690 1138; x_wconf 81' lang='lat' dir='ltr'><strong>lerant3</strong></span> <span class='ocrx_word' id='word_1_46' title='bbox 704 1055 786 1120; x_wconf 85' lang='lat' dir='ltr'><strong>clam</strong></span> <span class='ocrx_word' id='word_1_47' title='bbox 803 1069 899 1120; x_wconf 89' lang='lat' dir='ltr'><strong>nocte</strong></span> <span class='ocrx_word' id='word_1_48' title='bbox 915 1077 1067 1144; x_wconf 86' lang='lat' dir='ltr'><strong>suprema</strong></span> <span class='ocrx_word' id='word_1_49' title='bbox 1249 1070 1288 1111; x_wconf 69' lang='grc' dir='ltr'><strong>ωε</strong></span> 
     </span>
     <span class='ocr_line' id='line_1_8' title="bbox 266 1170 1127 1260; baseline 0 -25"><span class='ocrx_word' id='word_1_50' title='bbox 266 1172 435 1236; x_wconf 82' lang='lat' dir='ltr'><strong>Cretenses</strong></span> <span class='ocrx_word' id='word_1_51' title='bbox 447 1171 604 1260; x_wconf 90' lang='lat' dir='ltr'><strong>linquunt</strong></span> <span class='ocrx_word' id='word_1_52' title='bbox 616 1184 745 1260; x_wconf 90' lang='lat' dir='ltr'><strong>portus,</strong></span> <span class='ocrx_word' id='word_1_53' title='bbox 761 1170 927 1258; x_wconf 84' lang='lat' dir='ltr'><strong>altumque</strong></span> <span class='ocrx_word' id='word_1_54' title='bbox 941 1185 1127 1259; x_wconf 88' lang='lat' dir='ltr'><strong>capessunt.</strong></span> 
     </span>
     <span class='ocr_line' id='line_1_9' title="bbox 265 1284 1008 1376; baseline -0.003 -24"><span class='ocrx_word' id='word_1_55' title='bbox 265 1287 393 1352; x_wconf 83' lang='lat' dir='ltr'><strong>luteres</strong></span> <span class='ocrx_word' id='word_1_56' title='bbox 408 1302 582 1376; x_wconf 75' lang='lat' dir='ltr'><strong>torquente</strong></span> <span class='ocrx_word' id='word_1_57' title='bbox 597 1287 670 1368; x_wconf 87' lang='lat' dir='ltr'><strong>siti,</strong></span> <span class='ocrx_word' id='word_1_58' title='bbox 688 1301 862 1373; x_wconf 80' lang='lat' dir='ltr'><strong>torquente</strong></span> <span class='ocrx_word' id='word_1_59' title='bbox 878 1284 1008 1368; x_wconf 87' lang='lat' dir='ltr'><strong>dolore,</strong></span> 
     </span>
     <span class='ocr_line' id='line_1_10' title="bbox 266 1399 1041 1491; baseline 0 -25"><span class='ocrx_word' id='word_1_60' title='bbox 266 1400 432 1466; x_wconf 81' lang='lat' dir='ltr'><strong>Gnosiacis</strong></span> <span class='ocrx_word' id='word_1_61' title='bbox 447 1402 546 1466; x_wconf 82' lang='lat' dir='ltr'><strong>ritem</strong></span> <span class='ocrx_word' id='word_1_62' title='bbox 560 1402 748 1491; x_wconf 82' lang='lat' dir='ltr'><strong>posuissent</strong></span> <span class='ocrx_word' id='word_1_63' title='bbox 760 1401 912 1489; x_wconf 89' lang='lat' dir='ltr'><strong>protinus</strong></span> <span class='ocrx_word' id='word_1_64' title='bbox 926 1399 1041 1482; x_wconf 90' lang='lat' dir='ltr'><strong>undis,</strong></span> 
     </span>
     <span class='ocr_line' id='line_1_11' title="bbox 266 1511 991 1608; baseline 0.006 -33"><span class='ocrx_word' id='word_1_65' title='bbox 266 1511 309 1575; x_wconf 92' lang='lat' dir='ltr'><strong>Ni</strong></span> <span class='ocrx_word' id='word_1_66' title='bbox 325 1513 459 1608; x_wconf 68' lang='lat' dir='ltr'><strong>miseros</strong></span> <span class='ocrx_word' id='word_1_67' title='bbox 472 1512 589 1578; x_wconf 86' lang='lat' dir='ltr'><strong>Medea</strong></span> <span class='ocrx_word' id='word_1_68' title='bbox 602 1515 659 1603; x_wconf 93' lang='lat' dir='ltr'><strong>pio</strong></span> <span class='ocrx_word' id='word_1_69' title='bbox 673 1535 824 1578; x_wconf 88' lang='lat' dir='ltr'><strong>sermone</strong></span> <span class='ocrx_word' id='word_1_70' title='bbox 836 1514 991 1579; x_wconf 81' lang='lat' dir='ltr'><strong>levasset:</strong></span> 
     </span>
     <span class='ocr_line' id='line_1_12' title="bbox 307 1619 1289 1717; baseline 0.001 -25"><span class='ocrx_word' id='word_1_71' title='bbox 307 1627 471 1717; x_wconf 79' lang='lat' dir='ltr'><strong>«Accipite</strong></span> <span class='ocrx_word' id='word_1_72' title='bbox 487 1628 571 1711; x_wconf 79' lang='lat' dir='ltr'><strong>haec,</strong></span> <span class='ocrx_word' id='word_1_73' title='bbox 586 1627 718 1717; x_wconf 75' lang='lat' dir='ltr'><strong>Minyae:</strong></span> <span class='ocrx_word' id='word_1_74' title='bbox 731 1619 900 1694; x_wconf 82' lang='lat' dir='ltr'><strong>mortalem</strong></span> <span class='ocrx_word' id='word_1_75' title='bbox 919 1628 986 1692; x_wconf 87' lang='lat' dir='ltr'><strong>sola</strong></span> <span class='ocrx_word' id='word_1_76' title='bbox 1005 1627 1164 1712; x_wconf 87' lang='lat' dir='ltr'><strong>domabo‚</strong></span> <span class='ocrx_word' id='word_1_77' title='bbox 1250 1647 1289 1699; x_wconf 74' lang='lat'><strong>⁶70</strong></span> 
     </span>
     <span class='ocr_line' id='line_1_13' title="bbox 262 1740 1081 1833; baseline 0.004 -28"><span class='ocrx_word' id='word_1_78' title='bbox 262 1740 311 1805; x_wconf 89' lang='lat' dir='ltr'><strong>Sit</strong></span> <span class='ocrx_word' id='word_1_79' title='bbox 326 1741 525 1830; x_wconf 88' lang='lat' dir='ltr'><strong>quicumque</strong></span> <span class='ocrx_word' id='word_1_80' title='bbox 536 1743 630 1824; x_wconf 85' lang='lat' dir='ltr'><strong>velit,</strong></span> <span class='ocrx_word' id='word_1_81' title='bbox 646 1743 696 1809; x_wconf 86' lang='lat' dir='ltr'><strong>vel</strong></span> <span class='ocrx_word' id='word_1_82' title='bbox 709 1743 735 1807; x_wconf 89' lang='lat' dir='ltr'><strong>si</strong></span> <span class='ocrx_word' id='word_1_83' title='bbox 743 1757 857 1807; x_wconf 85' lang='lat' dir='ltr'><strong>totum</strong></span> <span class='ocrx_word' id='word_1_84' title='bbox 869 1765 950 1808; x_wconf 79' lang='lat' dir='ltr'><strong>aerea</strong></span> <span class='ocrx_word' id='word_1_85' title='bbox 962 1764 1081 1833; x_wconf 91' lang='lat' dir='ltr'><strong>corpus</strong></span> 
     </span>
     <span class='ocr_line' id='line_1_14' title="bbox 261 1857 1142 1948; baseline -0.001 -26"><span class='ocrx_word' id='word_1_86' title='bbox 261 1857 368 1923; x_wconf 86' lang='lat' dir='ltr'><strong>Massa</strong></span> <span class='ocrx_word' id='word_1_87' title='bbox 384 1873 487 1948; x_wconf 87' lang='lat' dir='ltr'><strong>tegat,</strong></span> <span class='ocrx_word' id='word_1_88' title='bbox 503 1859 604 1924; x_wconf 90' lang='lat' dir='ltr'><strong>niteat</strong></span> <span class='ocrx_word' id='word_1_89' title='bbox 614 1857 708 1922; x_wconf 85' lang='lat' dir='ltr'><strong>viridi</strong></span> <span class='ocrx_word' id='word_1_90' title='bbox 725 1880 923 1946; x_wconf 84' lang='lat' dir='ltr'><strong>quamquam</strong></span> <span class='ocrx_word' id='word_1_91' title='bbox 936 1857 989 1921; x_wconf 94' lang='lat' dir='ltr'><strong>ille</strong></span> <span class='ocrx_word' id='word_1_92' title='bbox 998 1857 1142 1938; x_wconf 85' lang='lat' dir='ltr'><strong>juventa.</strong></span> 
     </span>
     <span class='ocr_line' id='line_1_15' title="bbox 261 1971 1029 2060; baseline -0.004 -22"><span class='ocrx_word' id='word_1_93' title='bbox 261 1973 309 2038; x_wconf 91' lang='lat' dir='ltr'><strong>Sit</strong></span> <span class='ocrx_word' id='word_1_94' title='bbox 325 1972 425 2038; x_wconf 90' lang='lat' dir='ltr'><strong>modo</strong></span> <span class='ocrx_word' id='word_1_95' title='bbox 441 1988 511 2038; x_wconf 85' lang='lat' dir='ltr'><strong>tuta</strong></span> <span class='ocrx_word' id='word_1_96' title='bbox 527 1973 620 2055; x_wconf 87' lang='lat' dir='ltr'><strong>ratis,</strong></span> <span class='ocrx_word' id='word_1_97' title='bbox 636 1973 703 2036; x_wconf 83' lang='lat' dir='ltr'><strong>saxi</strong></span> <span class='ocrx_word' id='word_1_98' title='bbox 719 1994 761 2036; x_wconf 92' lang='lat' dir='ltr'><strong>ne</strong></span> <span class='ocrx_word' id='word_1_99' title='bbox 774 1971 908 2037; x_wconf 85' lang='lat' dir='ltr'><strong>verbere</strong></span> <span class='ocrx_word' id='word_1_100' title='bbox 922 1993 1029 2060; x_wconf 86' lang='lat' dir='ltr'><strong>pressa</strong></span> 
     </span>
     <span class='ocr_line' id='line_1_16' title="bbox 262 2084 945 2176; baseline -0.003 -24"><span class='ocrx_word' id='word_1_101' title='bbox 262 2084 417 2152; x_wconf 78' lang='lat' dir='ltr'><strong>Deficiet:</strong></span> <span class='ocrx_word' id='word_1_102' title='bbox 436 2088 533 2152; x_wconf 86' lang='lat' dir='ltr'><strong>vitate</strong></span> <span class='ocrx_word' id='word_1_103' title='bbox 549 2107 659 2176; x_wconf 85' lang='lat' dir='ltr'><strong>graves</strong></span> <span class='ocrx_word' id='word_1_104' title='bbox 677 2109 695 2150; x_wconf 89' lang='lat' dir='ltr'><strong>a</strong></span> <span class='ocrx_word' id='word_1_105' title='bbox 709 2087 806 2151; x_wconf 90' lang='lat' dir='ltr'><strong>litore</strong></span> <span class='ocrx_word' id='word_1_106' title='bbox 820 2086 945 2170; x_wconf 88' lang='lat' dir='ltr'><strong>jactus,</strong></span> 
     </span>
     <span class='ocr_line' id='line_1_17' title="bbox 261 2179 1284 2292; baseline -0.001 -29"><span class='ocrx_word' id='word_1_107' title='bbox 261 2200 376 2266; x_wconf 90' lang='lat' dir='ltr'><strong>Donec</strong></span> <span class='ocrx_word' id='word_1_108' title='bbox 395 2179 487 2292; x_wconf 84' lang='lat' dir='ltr'><strong>agam</strong></span> <span class='ocrx_word' id='word_1_109' title='bbox 506 2201 636 2290; x_wconf 85' lang='lat' dir='ltr'><strong>magicis</strong></span> <span class='ocrx_word' id='word_1_110' title='bbox 653 2200 714 2264; x_wconf 90' lang='lat' dir='ltr'><strong>sub</strong></span> <span class='ocrx_word' id='word_1_111' title='bbox 728 2202 859 2264; x_wconf 80' lang='lat' dir='ltr'><strong>Tartara</strong></span> <span class='ocrx_word' id='word_1_112' title='bbox 875 2201 967 2290; x_wconf 87' lang='lat' dir='ltr'><strong>nigra</strong></span> <span class='ocrx_word' id='word_1_113' title='bbox 981 2199 1146 2266; x_wconf 75' lang='lat' dir='ltr'><strong>venenis.»</strong></span> <span class='ocrx_word' id='word_1_114' title='bbox 1245 2224 1284 2278; x_wconf 45' lang='grc' dir='ltr'><strong>εἵς</strong></span> 
     </span>
     <span class='ocr_line' id='line_1_18' title="bbox 329 2313 1094 2403; baseline -0.003 -24"><span class='ocrx_word' id='word_1_115' title='bbox 329 2315 381 2380; x_wconf 91' lang='lat' dir='ltr'><strong>Sic</strong></span> <span class='ocrx_word' id='word_1_116' title='bbox 397 2315 459 2398; x_wconf 80' lang='lat' dir='ltr'><strong>ait3</strong></span> <span class='ocrx_word' id='word_1_117' title='bbox 476 2337 495 2378; x_wconf 92' lang='lat' dir='ltr'><strong>a</strong></span> <span class='ocrx_word' id='word_1_118' title='bbox 510 2314 581 2379; x_wconf 87' lang='lat' dir='ltr'><strong>telis</strong></span> <span class='ocrx_word' id='word_1_119' title='bbox 599 2314 772 2377; x_wconf 89' lang='lat' dir='ltr'><strong>retrahunt</strong></span> <span class='ocrx_word' id='word_1_120' title='bbox 790 2313 940 2403; x_wconf 83' lang='lat' dir='ltr'><strong>Pagaseia</strong></span> <span class='ocrx_word' id='word_1_121' title='bbox 957 2329 1094 2378; x_wconf 84' lang='lat' dir='ltr'><strong>transtra</strong></span> 
     </span>
    </p>
   </div>
   <div class='ocr_carea' id='block_1_3' title="bbox 260 2426 1284 2974">
    <p class='ocr_par' dir='ltr' id='par_1_3' title="bbox 260 2426 1134 2609">
     <span class='ocr_line' id='line_1_19' title="bbox 260 2426 1134 2518; baseline -0.001 -27"><span class='ocrx_word' id='word_1_122' title='bbox 260 2428 399 2512; x_wconf 81' lang='lat' dir='ltr'><strong>Heroas,</strong></span> <span class='ocrx_word' id='word_1_123' title='bbox 415 2428 546 2518; x_wconf 82' lang='lat' dir='ltr'><strong>magicae</strong></span> <span class='ocrx_word' id='word_1_124' title='bbox 560 2426 770 2517; x_wconf 85' lang='lat' dir='ltr'><strong>pendentque</strong></span> <span class='ocrx_word' id='word_1_125' title='bbox 785 2450 804 2491; x_wconf 90' lang='lat' dir='ltr'><strong>a</strong></span> <span class='ocrx_word' id='word_1_126' title='bbox 818 2449 989 2492; x_wconf 87' lang='lat' dir='ltr'><strong>murmure</strong></span> <span class='ocrx_word' id='word_1_127' title='bbox 1004 2427 1134 2517; x_wconf 73' lang='lat' dir='ltr'><strong>lingue.</strong></span> 
     </span>
     <span class='ocr_line' id='line_1_20' title="bbox 262 2533 961 2609; baseline -0.006 0"><span class='ocrx_word' id='word_1_128' title='bbox 262 2543 421 2609; x_wconf 84' lang='lat' dir='ltr'><strong>AEsonide</strong></span> <span class='ocrx_word' id='word_1_129' title='bbox 435 2542 550 2609; x_wconf 87' lang='lat' dir='ltr'><strong>Medea</strong></span> <span class='ocrx_word' id='word_1_130' title='bbox 566 2533 636 2608; x_wconf 86' lang='lat' dir='ltr'><strong>viro</strong></span> <span class='ocrx_word' id='word_1_131' title='bbox 655 2543 807 2607; x_wconf 88' lang='lat' dir='ltr'><strong>comitata</strong></span> <span class='ocrx_word' id='word_1_132' title='bbox 824 2542 961 2606; x_wconf 85' lang='lat' dir='ltr'><strong>recurrit</strong></span> 
     </span>
    </p>

    <p class='ocr_par' dir='ltr' id='par_1_4' title="bbox 263 2654 1086 2746">
     <span class='ocr_line' id='line_1_21' title="bbox 263 2654 1086 2746; baseline 0 -28"><span class='ocrx_word' id='word_1_133' title='bbox 263 2657 302 2718; x_wconf 92' lang='lat' dir='ltr'><strong>ln</strong></span> <span class='ocrx_word' id='word_1_134' title='bbox 320 2657 473 2746; x_wconf 88' lang='lat' dir='ltr'><strong>puppim,</strong></span> <span class='ocrx_word' id='word_1_135' title='bbox 485 2657 630 2721; x_wconf 90' lang='lat' dir='ltr'><strong>mulcens</strong></span> <span class='ocrx_word' id='word_1_136' title='bbox 646 2656 796 2720; x_wconf 76' lang='lat' dir='ltr'><strong>Hecataeo</strong></span> <span class='ocrx_word' id='word_1_137' title='bbox 813 2654 956 2720; x_wconf 83' lang='lat' dir='ltr'><strong>carmine</strong></span> <span class='ocrx_word' id='word_1_138' title='bbox 972 2655 1086 2719; x_wconf 89' lang='lat' dir='ltr'><strong>Parcas</strong></span> 
     </span>
    </p>

    <p class='ocr_par' dir='ltr' id='par_1_5' title="bbox 261 2771 1284 2974">
     <span class='ocr_line' id='line_1_22' title="bbox 261 2771 1284 2859; baseline -0.006 -21"><span class='ocrx_word' id='word_1_139' title='bbox 261 2771 429 2854; x_wconf 84' lang='lat' dir='ltr'><strong>Fatiferas,</strong></span> <span class='ocrx_word' id='word_1_140' title='bbox 442 2771 501 2836; x_wconf 89' lang='lat' dir='ltr'><strong>imi</strong></span> <span class='ocrx_word' id='word_1_141' title='bbox 515 2772 632 2838; x_wconf 88' lang='lat' dir='ltr'><strong>celeres</strong></span> <span class='ocrx_word' id='word_1_142' title='bbox 649 2793 728 2859; x_wconf 86' lang='lat' dir='ltr'><strong>quas</strong></span> <span class='ocrx_word' id='word_1_143' title='bbox 743 2793 858 2835; x_wconf 90' lang='lat' dir='ltr'><strong>rumor</strong></span> <span class='ocrx_word' id='word_1_144' title='bbox 870 2771 990 2834; x_wconf 86' lang='lat' dir='ltr'><strong>Averni</strong></span> <span class='ocrx_word' id='word_1_145' title='bbox 1026 2782 1030 2788; x_wconf 87' lang='lat'>&#39;</span> <span class='ocrx_word' id='word_1_146' title='bbox 1242 2787 1284 2827; x_wconf 71' lang='grc' dir='ltr'><strong>σεο</strong></span> 
     </span>
     <span class='ocr_line' id='line_1_23' title="bbox 263 2882 1037 2974; baseline -0.003 -24"><span class='ocrx_word' id='word_1_147' title='bbox 263 2885 342 2950; x_wconf 87' lang='lat' dir='ltr'><strong>Esse</strong></span> <span class='ocrx_word' id='word_1_148' title='bbox 359 2907 454 2950; x_wconf 73' lang='lat' dir='ltr'><strong>mnes</strong></span> <span class='ocrx_word' id='word_1_149' title='bbox 470 2902 651 2970; x_wconf 82' lang='lat' dir='ltr'><strong>memorat3</strong></span> <span class='ocrx_word' id='word_1_150' title='bbox 667 2907 739 2974; x_wconf 80' lang='lat' dir='ltr'><strong>quse</strong></span> <span class='ocrx_word' id='word_1_151' title='bbox 753 2898 825 2950; x_wconf 85' lang='lat' dir='ltr'><strong>toto</strong></span> <span class='ocrx_word' id='word_1_152' title='bbox 839 2882 944 2948; x_wconf 90' lang='lat' dir='ltr'><strong>lurida</strong></span> <span class='ocrx_word' id='word_1_153' title='bbox 960 2885 1037 2948; x_wconf 85' lang='lat' dir='ltr'><strong>caelo</strong></span> 
     </span>
    </p>
   </div>
   <div class='ocr_carea' id='block_1_4' title="bbox 123 2999 1281 4124">
    <p class='ocr_par' dir='ltr' id='par_1_6' title="bbox 123 2999 1161 3205">
     <span class='ocr_line' id='line_1_24' title="bbox 259 2999 1063 3083; baseline 0.001 -19"><span class='ocrx_word' id='word_1_154' title='bbox 259 2999 408 3065; x_wconf 86' lang='lat' dir='ltr'><strong>Monstra</strong></span> <span class='ocrx_word' id='word_1_155' title='bbox 422 3001 550 3083; x_wconf 85' lang='lat' dir='ltr'><strong>volant,</strong></span> <span class='ocrx_word' id='word_1_156' title='bbox 568 3001 642 3065; x_wconf 82' lang='lat' dir='ltr'><strong>vitae</strong></span> <span class='ocrx_word' id='word_1_157' title='bbox 657 3014 821 3065; x_wconf 86' lang='lat' dir='ltr'><strong>nectentes</strong></span> <span class='ocrx_word' id='word_1_158' title='bbox 836 2999 917 3064; x_wconf 90' lang='lat' dir='ltr'><strong>retia</strong></span> <span class='ocrx_word' id='word_1_159' title='bbox 935 3015 1063 3065; x_wconf 83' lang='lat' dir='ltr'><strong>nostrae.</strong></span> 
     </span>
     <span class='ocr_line' id='line_1_25' title="bbox 123 3103 1161 3205; baseline 0.004 -29"><span class='ocrx_word' id='word_1_160' title='bbox 123 3103 126 3108; x_wconf 70' lang='grc'><strong>’</strong></span> <span class='ocrx_word' id='word_1_161' title='bbox 259 3112 466 3202; x_wconf 90' lang='lat' dir='ltr'><strong>Supplicibus</strong></span> <span class='ocrx_word' id='word_1_162' title='bbox 480 3114 608 3195; x_wconf 85' lang='lat' dir='ltr'><strong>verbis,</strong></span> <span class='ocrx_word' id='word_1_163' title='bbox 629 3113 761 3205; x_wconf 86' lang='lat' dir='ltr'><strong>magicis</strong></span> <span class='ocrx_word' id='word_1_164' title='bbox 778 3135 911 3202; x_wconf 92' lang='lat' dir='ltr'><strong>quoque</strong></span> <span class='ocrx_word' id='word_1_165' title='bbox 928 3113 1077 3180; x_wconf 77' lang='lat' dir='ltr'><strong>centibus</strong></span> <span class='ocrx_word' id='word_1_166' title='bbox 1093 3114 1161 3180; x_wconf 88' lang='lat' dir='ltr'><strong>illas</strong></span> 
     </span>
    </p>

    <p class='ocr_par' dir='ltr' id='par_1_7' title="bbox 260 3226 1281 3548">
     <span class='ocr_line' id='line_1_26' title="bbox 261 3226 1151 3318; baseline 0.006 -28"><span class='ocrx_word' id='word_1_167' title='bbox 261 3226 327 3290; x_wconf 86' lang='lat' dir='ltr'><strong>Ter</strong></span> <span class='ocrx_word' id='word_1_168' title='bbox 340 3243 448 3306; x_wconf 85' lang='lat' dir='ltr'><strong>vocat,</strong></span> <span class='ocrx_word' id='word_1_169' title='bbox 465 3242 497 3292; x_wconf 88' lang='lat' dir='ltr'><strong>et</strong></span> <span class='ocrx_word' id='word_1_170' title='bbox 510 3227 662 3318; x_wconf 87' lang='lat' dir='ltr'><strong>precibus</strong></span> <span class='ocrx_word' id='word_1_171' title='bbox 676 3244 725 3292; x_wconf 91' lang='lat' dir='ltr'><strong>ter</strong></span> <span class='ocrx_word' id='word_1_172' title='bbox 739 3228 835 3292; x_wconf 85' lang='lat' dir='ltr'><strong>vertit</strong></span> <span class='ocrx_word' id='word_1_173' title='bbox 852 3229 885 3294; x_wconf 90' lang='lat' dir='ltr'><strong>in</strong></span> <span class='ocrx_word' id='word_1_174' title='bbox 903 3228 1027 3295; x_wconf 87' lang='lat' dir='ltr'><strong>hostica</strong></span> <span class='ocrx_word' id='word_1_175' title='bbox 1042 3231 1151 3296; x_wconf 86' lang='lat' dir='ltr'><strong>furvas</strong></span> 
     </span>
     <span class='ocr_line' id='line_1_27' title="bbox 260 3338 1281 3435; baseline 0.003 -32"><span class='ocrx_word' id='word_1_176' title='bbox 260 3338 357 3403; x_wconf 82' lang='lat' dir='ltr'><strong>Anna</strong></span> <span class='ocrx_word' id='word_1_177' title='bbox 371 3361 482 3423; x_wconf 88' lang='lat' dir='ltr'><strong>canes,</strong></span> <span class='ocrx_word' id='word_1_178' title='bbox 495 3341 675 3431; x_wconf 89' lang='lat' dir='ltr'><strong>oculosque</strong></span> <span class='ocrx_word' id='word_1_179' title='bbox 684 3342 757 3406; x_wconf 85' lang='lat' dir='ltr'><strong>Tali</strong></span> <span class='ocrx_word' id='word_1_180' title='bbox 774 3344 963 3435; x_wconf 83' lang='lat' dir='ltr'><strong>perstringit</strong></span> <span class='ocrx_word' id='word_1_181' title='bbox 980 3343 1140 3428; x_wconf 82' lang='lat' dir='ltr'><strong>adurens3</strong></span> <span class='ocrx_word' id='word_1_182' title='bbox 1242 3367 1281 3407; x_wconf 82' lang='lat' dir='ltr'><strong>su</strong></span> 
     </span>
     <span class='ocr_line' id='line_1_28' title="bbox 263 3452 1084 3548; baseline 0.01 -31"><span class='ocrx_word' id='word_1_183' title='bbox 263 3452 343 3517; x_wconf 83' lang='lat' dir='ltr'><strong>Mor</strong></span> <span class='ocrx_word' id='word_1_184' title='bbox 356 3453 475 3545; x_wconf 84' lang='lat' dir='ltr'><strong>rigidas</strong></span> <span class='ocrx_word' id='word_1_185' title='bbox 491 3457 618 3547; x_wconf 85' lang='lat' dir='ltr'><strong>magico</strong></span> <span class='ocrx_word' id='word_1_186' title='bbox 634 3453 727 3522; x_wconf 86' lang='lat' dir='ltr'><strong>Diras</strong></span> <span class='ocrx_word' id='word_1_187' title='bbox 743 3459 925 3524; x_wconf 88' lang='lat' dir='ltr'><strong>cantamine</strong></span> <span class='ocrx_word' id='word_1_188' title='bbox 942 3474 1084 3548; x_wconf 89' lang='lat' dir='ltr'><strong>torquet.</strong></span> 
     </span>
    </p>

    <p class='ocr_par' dir='ltr' id='par_1_8' title="bbox 259 3569 1211 3892">
     <span class='ocr_line' id='line_1_29' title="bbox 303 3569 1211 3663; baseline 0.012 -31"><span class='ocrx_word' id='word_1_189' title='bbox 303 3569 436 3634; x_wconf 90' lang='lat' dir='ltr'><strong>Summe</strong></span> <span class='ocrx_word' id='word_1_190' title='bbox 451 3585 543 3660; x_wconf 90' lang='lat' dir='ltr'><strong>pater</strong></span> <span class='ocrx_word' id='word_1_191' title='bbox 557 3569 686 3655; x_wconf 86' lang='lat' dir='ltr'><strong>dirum,</strong></span> <span class='ocrx_word' id='word_1_192' title='bbox 698 3595 835 3663; x_wconf 89' lang='lat' dir='ltr'><strong>magnus</strong></span> <span class='ocrx_word' id='word_1_193' title='bbox 849 3589 964 3663; x_wconf 90' lang='lat' dir='ltr'><strong>stupor</strong></span> <span class='ocrx_word' id='word_1_194' title='bbox 979 3574 1093 3639; x_wconf 87' lang='lat' dir='ltr'><strong>intima</strong></span> <span class='ocrx_word' id='word_1_195' title='bbox 1106 3595 1211 3643; x_wconf 86' lang='lat' dir='ltr'><strong>versat</strong></span> 
     </span>
     <span class='ocr_line' id='line_1_30' title="bbox 261 3681 1184 3779; baseline 0.011 -34"><span class='ocrx_word' id='word_1_196' title='bbox 261 3681 369 3746; x_wconf 89' lang='lat' dir='ltr'><strong>Corda</strong></span> <span class='ocrx_word' id='word_1_197' title='bbox 387 3683 484 3767; x_wconf 91' lang='lat' dir='ltr'><strong>mihi,</strong></span> <span class='ocrx_word' id='word_1_198' title='bbox 500 3685 527 3749; x_wconf 91' lang='lat' dir='ltr'><strong>si</strong></span> <span class='ocrx_word' id='word_1_199' title='bbox 546 3685 657 3775; x_wconf 90' lang='lat' dir='ltr'><strong>lingua</strong></span> <span class='ocrx_word' id='word_1_200' title='bbox 674 3709 805 3772; x_wconf 58' lang='lat' dir='ltr'><strong>necem)</strong></span> <span class='ocrx_word' id='word_1_201' title='bbox 819 3688 846 3751; x_wconf 88' lang='lat' dir='ltr'><strong>si</strong></span> <span class='ocrx_word' id='word_1_202' title='bbox 862 3711 1031 3754; x_wconf 87' lang='lat' dir='ltr'><strong>murmura</strong></span> <span class='ocrx_word' id='word_1_203' title='bbox 1046 3707 1184 3779; x_wconf 91' lang='lat' dir='ltr'><strong>possunt</strong></span> 
     </span>
     <span class='ocr_line' id='line_1_31' title="bbox 259 3776 1008 3892; baseline 0.008 -29"><span class='ocrx_word' id='word_1_204' title='bbox 259 3776 414 3863; x_wconf 73' lang='lat' dir='ltr'><strong>Intentus</strong></span> <span class='ocrx_word' id='word_1_205' title='bbox 427 3799 543 3865; x_wconf 82' lang='lat' dir='ltr'><strong>afferre</strong></span> <span class='ocrx_word' id='word_1_206' title='bbox 556 3801 699 3882; x_wconf 92' lang='lat' dir='ltr'><strong>homini,</strong></span> <span class='ocrx_word' id='word_1_207' title='bbox 717 3804 919 3892; x_wconf 88' lang='lat' dir='ltr'><strong>celerareque</strong></span> <span class='ocrx_word' id='word_1_208' title='bbox 934 3803 1008 3869; x_wconf 86' lang='lat' dir='ltr'><strong>fata.</strong></span> 
     </span>
    </p>

    <p class='ocr_par' dir='ltr' id='par_1_9' title="bbox 257 3915 1281 4124">
     <span class='ocr_line' id='line_1_32' title="bbox 303 3915 1281 4007; baseline 0.011 -29"><span class='ocrx_word' id='word_1_209' title='bbox 303 3915 420 3978; x_wconf 83' lang='lat' dir='ltr'><strong>Ferrea</strong></span> <span class='ocrx_word' id='word_1_210' title='bbox 435 3915 488 3980; x_wconf 90' lang='lat' dir='ltr'><strong>cui</strong></span> <span class='ocrx_word' id='word_1_211' title='bbox 505 3917 605 3982; x_wconf 90' lang='lat' dir='ltr'><strong>moles</strong></span> <span class='ocrx_word' id='word_1_212' title='bbox 622 3918 800 4007; x_wconf 74' lang='lat' dir='ltr'><strong>precordia</strong></span> <span class='ocrx_word' id='word_1_213' title='bbox 816 3919 920 3984; x_wconf 87' lang='lat' dir='ltr'><strong>ferrea</strong></span> <span class='ocrx_word' id='word_1_214' title='bbox 938 3920 1060 3984; x_wconf 91' lang='lat' dir='ltr'><strong>circum</strong></span> <span class='ocrx_word' id='word_1_215' title='bbox 1242 3949 1281 4001; x_wconf 69' lang='grc' dir='ltr'><strong>ες.</strong></span> 
     </span>
     <span class='ocr_line' id='line_1_33' title="bbox 257 4029 1031 4124; baseline 0.01 -32"><span class='ocrx_word' id='word_1_216' title='bbox 257 4029 340 4094; x_wconf 82' lang='lat' dir='ltr'><strong>&#39;lota</strong></span> <span class='ocrx_word' id='word_1_217' title='bbox 357 4029 434 4114; x_wconf 88' lang='lat' dir='ltr'><strong>fuit,</strong></span> <span class='ocrx_word' id='word_1_218' title='bbox 452 4031 547 4097; x_wconf 88' lang='lat' dir='ltr'><strong>cessit</strong></span> <span class='ocrx_word' id='word_1_219' title='bbox 565 4034 689 4124; x_wconf 89' lang='lat' dir='ltr'><strong>magico</strong></span> <span class='ocrx_word' id='word_1_220' title='bbox 706 4051 887 4122; x_wconf 87' lang='lat' dir='ltr'><strong>prostratus</strong></span> <span class='ocrx_word' id='word_1_221' title='bbox 902 4035 943 4100; x_wconf 91' lang='lat' dir='ltr'><strong>ab</strong></span> <span class='ocrx_word' id='word_1_222' title='bbox 960 4058 1031 4117; x_wconf 88' lang='lat' dir='ltr'><strong>ore;</strong></span> 
     </span>
    </p>
   </div>
   <div class='ocr_carea' id='block_1_5' title="bbox 0 0 1508 4676">
    <p class='ocr_par' dir='ltr' id='par_1_10' title="bbox 0 0 1508 4676">
     <span class='ocr_line' id='line_1_34' title="bbox 0 0 1508 4676; baseline 0 6"><span class='ocrx_word' id='word_1_223' title='bbox 0 0 1508 4676; x_wconf 95' lang='lat' dir='ltr'><strong> </strong></span> 
     </span>
    </p>
   </div>
  </div>
 </body>
</html>
