3002 4680
234 341 271 386 η
437 297 444 304 ’
530 321 566 383 e.
592 319 787 386 versun
810 321 988 388 rnncor
1047 329 1051 342 ·

274 451 366 544 Cyris
385 453 418 518 in
437 473 525 518 arma
538 453 650 534 viros,
661 454 877 543 plurumisque
891 454 933 518 od
951 453 1057 542 praelit
1073 457 1204 516 cunctas
1242 506 1246 515 .
1269 477 1308 513 so.

272 570 426 634 Coraletae
442 585 568 634 nexae
585 591 718 650 manunt
737 565 783 634 ibi
799 568 902 633 sutilis
917 567 978 634 illis
1091 567 1093 573 ’

245 765 251 769 Π
271 683 330 746 Est
346 681 487 765 domus,
505 696 539 746 ot
554 681 657 748 cnido
674 681 820 746 residens
835 681 897 746 sub
913 681 1030 746 vellens
1046 680 1165 762 conjux
1174 725 1184 764 ,

272 799 315 862 Et
329 819 411 888 puer
426 799 569 886 eprimo
582 815 743 886 torquens
762 798 1037 864 temone'orteics.

257 963 260 968 Α
315 914 490 1001 Linquitur
499 914 666 1002 obruptus
675 913 789 1004 pelago
802 913 912 1000 Tyn,
927 911 1088 1000 linquitur
1103 926 1136 974 et
1150 930 1245 974 moos

271 1026 457 1109 Ambenus,
476 1042 510 1092 et
523 1025 636 1116 gelidis
648 1026 771 1114 pollone
787 1025 932 1116 Ophiten
944 1023 1101 1089 uenenis:
1270 1043 1294 1082 ss

315 1141 564 1231 Degeneresque
583 1157 687 1206 nsunt
701 1139 811 1221 Sindi,
830 1140 1091 1228 glomerentque,
1106 1153 1240 1226 psterrm

271 1253 417 1318 Crimine
436 1277 526 1320 nuuc
541 1253 642 1318 etiarn.
654 1259 835 1324 metuentes
850 1253 1001 1335 verbere,
1017 1269 1149 1318 turmas.

317 1367 386 1433 Hos
400 1355 499 1458 suber
510 1385 638 1448 cerrum
652 1369 784 1434 Phalces
801 1369 866 1458 ogit
881 1389 1012 1458 oequore
1027 1367 1150 1430 nubem

261 1545 302 1591 8ο.
316 1547 393 1607 Cyrus.
409 1545 494 1594 illeser.
512 1571 544 1582 -
561 1549 599 1595 81.
614 1547 816 1595 Conterevsn'e.
832 1550 925 1598 Bonon.
942 1547 1012 1594 codd.
1029 1524 1119 1594 Boron.
1136 1547 1167 1592 11.
1185 1534 1295 1592 Caeirileae.

229 1625 321 1671 Boron.
338 1625 357 1670 1.
376 1626 440 1670 lunt.
457 1625 512 1672 Ald.
531 1627 632 1688 lingent.
651 1627 753 1673 Coealee
771 1628 857 1674 Miser.
880 1627 968 1674 Mle.
984 1625 1059 1672 vnde.
1077 1625 1100 1672 o‘t
1117 1627 1207 1670 bonon.
1225 1624 1295 1670 codd.

229 1703 322 1749 bonon.
341 1703 361 1749 l.
377 1705 441 1751 lunt.
460 1704 560 1752 111-
577 1707 617 1758 ts.
630 1705 746 1767 Abmptis.
763 1707 853 1752 Bonon.
870 1705 925 1754 cod.
940 1707 1031 1754 Bouon.
1048 1705 1097 1752 lot
1110 1705 1142 1752 lt.
1153 1730 1182 1740 -
1198 1703 1237 1751 88.
1247 1706 1296 1750 llos

127 1851 131 1860 ι
229 1796 297 1844 super
305 1793 412 1847 ereptam.
422 1785 514 1832 llonorn
524 1784 578 1831 cod.
589 1787 706 1832 Erestcm.
714 1785 774 1831 Edd.
784 1795 837 1832 ente
846 1787 910 1833 Cerr.
929 1787 972 1833 Eu.

229 1949 289 2003 rins
305 1955 416 2020 Hrponis
434 1952 476 2008 vel
496 1955 646 2021 Hypacyn's,
666 1965 691 2006 ct
710 1971 741 2005 cx
783 1954 855 2008 riom
871 1956 920 2008 rita
940 1954 1093 2008 abundabat
1111 1951 1295 2024 serpentibus,

228 2031 741 2104 ortosapoetumemoratis‚Troglody·
784 2031 1298 2095 undeetGraecumnomen3conl.Man-

228 2121 270 2160 tcs
283 2107 384 2160 rooolns
394 2109 474 2162 luisse
486 2109 609 2182 colligere
620 2130 677 2163 non
686 2111 741 2164 stne
784 2126 845 2166 nest.
856 2113 906 2178 IV,
923 2114 984 2175 234.

228 2204 310 2239 causa
321 2186 415 2258 possis.
820 2191 861 2244 86.
873 2193 955 2252 Sirsdi,
977 2189 1011 2244 ad
1030 2189 1293 2264 Hypaninfflubou)

265 2267 307 2318 81.
319 2269 449 2329 Coraletoe,
460 2267 482 2318 si
490 2279 578 2320 tumen
590 2287 651 2319 erno
663 2267 740 2320 lectio
783 2267 949 2332 habitantes,
962 2273 1108 2338 degeneres,
1124 2287 1177 2320 non
1190 2268 1236 2339 qui
1251 2267 1295 2319 dc·

227 2355 287 2410 est,
313 2346 479 2400 nomediccm
504 2347 585 2400 vitam
615 2359 738 2418 agentes,
782 2359 968 2419 generassent,
987 2367 1003 2400 n
1034 2347 1132 2400 virtute
1164 2350 1293 2420 majorum

224 2425 340 2491 plaustris
361 2428 399 2476 ad
413 2428 502 2494 prceliu
520 2441 621 2478 retortas
639 2441 740 2478 traxere
782 2425 977 2491 discessissent,
994 2425 1040 2480 sed
1062 2425 1206 2497 ignobiles,
1231 2425 1296 2477 viles

229 2521 334 2566 innuen
346 2506 392 2565 ibi,
402 2504 429 2556 in
442 2503 484 2558 his
497 2505 634 2577 plaustris.
647 2509 738 2558 oscillis
782 2507 854 2578 (quo
868 2527 946 2561 sensu
960 2507 1039 2560 etiam
1057 2505 1128 2578 opud
1146 2504 1218 2576 Virg.
1236 2507 1297 2556 AEn.

228 2582 322 2643 sutilis,
339 2601 353 2634 e
364 2583 478 2654 pellibus
496 2596 622 2652 consuta,
640 2589 737 2648 domus,
781 2587 832 2653 IV,
844 2585 895 2654 13),
907 2601 989 2647 nsunt,
998 2583 1183 2655 glomerantque
1197 2599 1301 2646 turmas,

228 2673 254 2710 et
271 2665 361 2722 crudo,
378 2681 433 2714 non
453 2663 562 2728 subnoto
577 2675 603 2716 et
621 2664 737 2726 mollito,
780 2667 856 2738 equis
868 2668 935 2720 recti
949 2666 976 2718 in
990 2661 1059 2716 bella
1077 2661 1236 2735 procedunt,
1244 2681 1296 2730 pa·

229 2737 276 2790 sed
290 2739 349 2811 pilis
360 2741 474 2813 setisque
488 2739 615 2807 horrido,
629 2747 737 2796 residens
780 2760 849 2798 remo
865 2748 964 2798 erirur'rre
981 2745 1029 2812 (ob
1050 2743 1148 2797 crimen
1166 2743 1297 2812 potrum)

167 2855 172 2864 ·
229 2821 273 2881 §.⁸9⁶
287 2823 500 2890 vtaeffconjux,
519 2837 544 2876 et
553 2843 618 2892 prter
633 2845 647 2874 e
659 2827 737 2892 priseo
780 2845 846 2878 nunc
860 2829 933 2878 etiam
945 2839 1076 2878 merientes
1087 2825 1201 2874 uerbera.
1213 2819 1296 2872 Nem·

228 2911 326 2960 temone
336 2917 433 2970 pronus
441 2901 561 2974 pendens
572 2905 583 2971 (
589 2902 661 2957 conf.
673 2903 737 2957 Pro·
781 2923 830 2978 pe,
848 2925 930 2976 quum
951 2905 1054 2978 Scythae
1068 2901 1129 2954 belli
1148 2918 1227 2954 cuuto
1246 2898 1296 2951 oli·

227 2989 293 3048 pert.
300 2977 351 3043 IV,
361 2981 388 3047 8,
399 2994 478 3045 21,et
484 2980 586 3035 Phsodri
597 2982 668 3035 labb.
679 2983 737 3046 111,
781 2983 890 3058 qnando
902 2984 1001 3037 diutius
1014 2982 1174 3042 obmiscent,
1188 2983 1296 3051 jamque

228 3061 262 3119 6,
277 3056 323 3126 S),
341 3075 508 3132 torquetisque
525 3065 626 3114 raedas.
645 3062 739 3116 Catein
781 3075 940 3118 revertentes
950 3062 1054 3116 obvium
1064 3059 1115 3113 sibi
1125 3057 1216 3109 venire
1225 3055 1296 3108 vido·

228 3148 268 3188 est
275 3139 380 3210 proprie
389 3139 462 3192 hoste
470 3141 618 3194 Teutonico
628 3161 635 3207 3
646 3136 746 3194 occur·¹
781 3154 856 3204 rent,
869 3141 913 3212 qul
931 3152 958 3194 et
971 3155 1082 3192 uxorum
1096 3137 1195 3188 interea
1211 3147 1238 3186 et
1259 3136 1298 3186 fo·

227 3215 263 3268 rit
287 3216 366 3270 etium
386 3218 458 3290 opud
475 3219 570 3290 virgil.
589 3223 650 3271 AEn.
668 3221 737 3284 Vll,
782 3221 913 3274 cultutum
929 3219 1006 3290 potiti
1022 3228 1123 3278 essent,
1144 3233 1248 3280 servos,
1268 3215 1296 3266 ri

229 3302 298 3365 741,
317 3297 429 3350 ubivtd.
444 3297 580 3372 Heynius3
599 3299 634 3351 cl.
658 3311 684 3352 et
697 3301 738 3354 Si·
782 3297 890 3372 quidem
912 3310 937 3350 et
956 3297 1035 3349 armis
1056 3294 1144 3347 initio·
1157 3310 1252 3364 cogere
1269 3295 1297 3346 iu

228 3374 280 3427 lius
294 3373 357 3429 Itrlt
370 3377 427 3444 111,
443 3397 508 3448 272,
534 3391 560 3434 et
580 3377 618 3438 ibi
630 3383 738 3448 Ruperti.
783 3378 903 3436 ordinem
918 3375 1093 3436 convolsione:
1108 3372 1296 3445 quibusqounr

227 3453 316 3507 Vitam
333 3455 490 3529 Scytharum
512 3457 680 3512 nomadicom
699 3455 741 3509 dc·
783 3457 850 3511 nihil
868 3456 1054 3528 profecissent,
1077 3453 1190 3507 fustibus
1209 3464 1235 3504 ct
1249 3451 1297 3502 flo-

227 3535 369 3604 sompsisse
378 3535 481 3602 videtur
493 3551 570 3610 poete
579 3557 613 3592 ex
624 3535 741 3590 Herodo·
784 3535 857 3608 gellie
870 3555 927 3588 rem
939 3549 1067 3607 peragere
1079 3544 1230 3605 coeperunt,
1244 3550 1298 3602 quo

229 3613 338 3678 to,1V‚
355 3619 399 3680 46·
785 3617 875 3680 lecto,
889 3615 1005 3688 reliquiae
1023 3631 1077 3666 nou
1097 3629 1222 3664 cmorum
1241 3627 1297 3662 ser·

265 3693 307 3756 84.
315 3697 444 3762 Linquitur
454 3699 568 3765 abneptrss
575 3701 684 3766 pelago,
696 3693 742 3765 qni
784 3713 879 3748 vorum
891 3693 919 3744 in
932 3691 1001 3745 hunc
1013 3692 1148 3762 regionem
1161 3707 1298 3742 concesse·

227 3789 343 3845 preceps
350 3774 378 3825 in
389 3774 574 3841 maredelluit,
584 3781 648 3840 tyra
656 3767 743 3840 (Disie-¹
785 3785 856 3826 rant.
866 3771 936 3826 Vide
947 3770 1074 3824 Herodot.
1090 3769 1140 3833 IV,
1155 3771 1188 3832 33
1201 3769 1298 3822 lustin.

230 3859 305 3917 ster)‚·
318 3856 444 3921 linquimr,
456 3853 586 3908 deseritur
594 3854 628 3906 ub
638 3853 742 3916 incolis,
787 3853 829 3918 11,
843 3852 873 3915 5;
884 3843 1014 3904 Ammian.
1024 3849 1104 3901 XXII
1114 3890 1121 3913 ,
1132 3851 1156 3902 8.

193 3942 195 3946 ’
227 3932 256 3984 in
279 3931 379 3985 bellum
403 3932 647 4006 proficiscentibus,
672 3951 742 3983 mons
823 3927 1299 3996 88.Pholoesdux(inira245)oera-

229 4015 367 4072 Arulenus,
386 4027 411 4064 et
423 4015 513 4083 gelidis
522 4015 619 4082 pollens
634 4013 742 4080 Ophiusa
787 4025 837 4062 torn
850 4014 951 4070 rubero,
965 4007 1176 4073 multitudinem,
1189 4017 1218 4058 ut
1231 4023 1299 4076 saepo

229 4092 341 4154 venenis,
362 4091 424 4146 llsec
447 4093 511 4146 urbs
528 4091 562 4146 ad
581 4091 673 4165 Tyren
693 4089 741 4144 flu·
787 4091 898 4160 (melius
918 4103 1023 4154 tamen,
1041 4087 1112 4163 quod
1133 4087 1315 4141 Burmannus
