3022 4678
404 398 800 464 ARGONAUTICON
831 400 918 465 LlB.
943 401 1051 465 Vlll.
1205 401 1264 488 19'7

238 533 290 595 An
305 530 407 594 virtus
423 531 552 620 proelata
566 531 627 594 viri
646 546 712 613 est,
729 549 762 596 et
778 533 894 598 fortior
906 533 976 617 ille,

238 646 346 729 Quem
363 645 531 732 sequitur?
546 646 681 737 jungam
697 647 853 737 igniferos
870 650 939 714 sine
956 650 1099 714 carmine
1117 665 1243 730 tauros,

236 761 388 848 Saevaque
405 761 554 825 Echionii
568 761 654 825 ferro
669 778 737 826 sata
755 785 933 854 persequar
948 764 1055 853 hydri.
1165 852 1168 858 Ι

198 920 203 932 ·
236 875 308 940 Hoc
323 873 405 940 adeo
422 876 545 940 interea
558 893 706 966 spectans
721 877 762 942 de
778 878 873 943 litore
891 901 1017 968 pugnas

236 989 437 1073 Amborum,
459 991 591 1056 victoris
612 993 691 1075 eris3
703 993 769 1072 jam
784 992 883 1083 digna
896 993 1020 1060 videbis
1225 1015 1263 1059 ³⁴⁵

237 1105 366 1189 Praelia,
383 1105 514 1196 jamque
530 1107 611 1172 illud
625 1131 736 1173 carum
751 1126 850 1198 caput
864 1111 910 1174 ire
927 1126 1061 1174 cruenta

235 1221 304 1286 Sub
319 1221 419 1306 freta3
442 1222 582 1286 semiviri
602 1245 663 1288 nec
685 1224 819 1288 murrha
835 1247 954 1313 corpus
972 1225 1104 1301 Achivi,

144 1328 146 1336 γ
235 1335 300 1400 Sed
316 1336 404 1425 pice,
421 1335 477 1401 sed
494 1335 630 1401 flammis
647 1353 679 1402 et
696 1339 819 1403 olentes
833 1339 957 1404 sulfure
974 1340 1089 1406 crines.

236 1452 302 1516 Vos
319 1453 419 1518 modo
434 1454 486 1517 vel
499 1453 688 1534 solumhoc
704 1452 823 1520 fluctus
839 1457 987 1545 expellite
1003 1479 1140 1544 corpus,

235 1566 310 1630 Non
325 1582 376 1650 te,
387 1567 481 1632 AEeta
497 1583 604 1657 puter,
618 1569 744 1658 generi,
757 1585 832 1652 aut,
845 1571 901 1636 Sol
913 1593 1047 1661 magne,
1064 1569 1210 1660 pudebit.
1223 1589 1262 1628 ³⁵·

235 1680 340 1745 Fallor
351 1682 365 1746 l
376 1704 416 1746 an
436 1683 497 1747 hos
516 1682 611 1746 nobis
628 1683 754 1772 magico
772 1707 861 1750 nunc
877 1687 1019 1750 carmine
1035 1702 1149 1750 ventos

231 1797 307 1885 ,Ipsa
323 1814 452 1880 movet,
469 1797 603 1886 diraque
618 1799 702 1862 levat
715 1800 814 1864 maria
830 1798 930 1866 ardun
944 1781 1079 1890 lingua?

235 1910 342 1999 Atque
359 1911 480 1977 iterum
493 1911 688 1994 AEsonides,
704 1913 823 1977 iterum
841 1913 1029 1979 defenditur
1044 1931 1125 1996 arte,

237 2027 311 2112 Qua
330 2025 433 2091 solet?
451 2022 540 2089 haud
555 2025 601 2089 illi
618 2041 732 2090 cantus
751 2043 783 2091 et
802 2027 894 2092 futile
910 2051 1061 2092 murmur

223 2243 276 2299 344.
292 2247 383 2307 Specta.
394 2243 471 2290 Vntie.
483 2253 507 2291 et
521 2247 612 2292 llunon.
629 2245 700 2291 codd.
718 2272 748 2281 —
764 2247 817 2307 347.
837 2249 937 2296 Achivis,
953 2251 1019 2297 Jnnt.
1035 2251 1133 2314 Engent
1155 2277 1185 2286 —
1204 2251 1257 2306 348.

190 2321 238 2369 Sed
246 2321 332 2368 olente:
346 2323 393 2386 leg.
408 2331 476 2385 puto.
486 2323 563 2370 Prima
580 2323 606 2370 in
623 2324 665 2368 sed
679 2325 764 2372 omiss·
779 2325 824 2372 tuit
834 2327 917 2385 litere,
932 2329 964 2376 ol>
982 2329 1081 2377 similem
1097 2329 1120 2376 in
1135 2330 1181 2378 line
1198 2328 1263 2376 roei·

195 2402 347 2464 precedenti·
358 2403 459 2450 literam.
472 2429 502 2439 -
513 2403 567 2451 350.
578 2405 610 2450 m
619 2403 660 2450 eol.
669 2407 760 2454 Bonum
770 2416 794 2454 et
804 2407 882 2455 Burm.
893 2409 962 2458 codd.
975 2411 1018 2457 En.

227 2596 287 2658 341.
313 2595 434 2648 Forteeee
464 2606 553 2649 temen
580 2596 702 2649 virtutem
748 2591 920 2646 cadaveribus
934 2592 1096 2647 adhibebant
1106 2597 1127 2663 ),
1138 2597 1184 2644 sed
1189 2595 1260 2662 pice,

190 2675 313 2746 epecterit
322 2673 560 2746 MedeeiAt,que
570 2675 614 2727 ille
622 2677 704 2747 mugi·
748 2675 909 2742 sedflammr's
926 2687 950 2725 et
963 2675 1068 2741 sulfim,
1086 2673 1189 2726 lacibus
1202 2671 1261 2743 pice

191 2755 228 2808 cie
242 2755 377 2826 prestigiis
391 2743 568 2827 perpetravit,
581 2755 636 2807 hnc
656 2772 704 2826 ego
748 2761 774 2803 et
795 2751 896 2805 sulfure
924 2753 1030 2817 oblitis,
1054 2757 1146 2804 olentes
1172 2755 1261 2803 crines.

191 2837 245 2886 sine
256 2835 365 2886 carmine
377 2833 508 2899 efficium,
518 2834 629 2905 jungam
643 2844 701 2886 teu·
748 2831 780 2882 At
794 2835 859 2882 olere
871 2831 990 2884 crebrius
1001 2841 1098 2903 quarto
1111 2830 1183 2884 casui
1197 2833 1259 2901 jun·

189 2931 248 2977 me,
266 2925 292 2966 et
307 2913 449 2968 bellatores
467 2935 482 2967 e
499 2913 622 2967 Cadmeis
640 2912 703 2966 den·
748 2909 882 2981 gituuric
890 2915 1012 2970 redolere,
1024 2909 1075 2972 IV,
1088 2911 1128 2963 15.

190 2994 260 3048 tibur
280 3007 353 3048 ortos
370 3013 522 3067 persequar.
784 2992 844 3059 349.
857 2997 907 3041 Vos
921 2994 1010 3050 modo,
1022 2993 1147 3054 oflueuts,
1161 2993 1206 3040 lter
1218 3009 1258 3038 rc-

226 3075 285 3139 344.
295 3075 351 3128 Nec
362 3087 461 3128 temere
473 3075 525 3127 hoc
538 3073 640 3127 dictum
654 3091 701 3143 pu·
747 3074 796 3121 Imn
814 3089 913 3138 eorpus,
929 3089 973 3122 me
988 3069 1092 3134 solum,
1107 3069 1164 3122 eine
1183 3067 1261 3119 sociis

189 3163 228 3207 tce
238 3191 245 3216 ,
255 3153 363 3208 Medea:
375 3155 429 3226 ipsa
449 3153 588 3224 epectatrix
602 3153 637 3206 ub
649 3152 701 3204 hoc
746 3147 827 3216 adeo,
843 3152 969 3218 expellite,
990 3147 1025 3201 ad
1045 3147 1108 3201 litut
1124 3145 1219 3220 ejicite,
1236 3155 1262 3197 et

189 3231 264 3285 litore
279 3233 313 3286 eit
331 3232 483 3287 certaminis
495 3231 652 3303 singulari,
667 3228 702 3284 ud
745 3228 818 3283 eolus
836 3228 912 3282 edem
933 3229 1067 3296 facinora,
1081 3247 1143 3301 qure
1161 3244 1204 3278 me
1222 3224 1263 3278 di·
1329 3257 1336 3284 ,

188 3309 261 3381 quod
279 3309 430 3364 adulterum
447 3329 582 3383 provoc03
602 3313 702 3362 victoris
746 3327 829 3380 gnum
852 3308 946 3364 Medea
969 3310 1124 3381 conjugem,
1149 3306 1259 3378 dignum

189 3393 252 3451 en's,
266 3391 407 3444 certissime
425 3410 487 3463 ergo
504 3410 581 3455 men3
591 3393 648 3460 jam
667 3393 703 3441 di·
732 3393 823 3446 ·AEetu
841 3408 984 3461 generum,
998 3389 1109 3461 dignum
1123 3387 1184 3441 Sole
1202 3406 1260 3441 mu·

187 3486 243 3536 gna
255 3470 349 3521 videbis
357 3474 534 3539 proelia,narn
552 3487 611 3542 quae
625 3479 702 3521 antea
746 3487 799 3540 gno
812 3488 987 3540 progenerum
1002 3468 1150 3523 ostendunt.

189 3545 296 3612 vidisti,
311 3549 363 3602 hoc
376 3551 485 3603 nomine
498 3548 625 3620 indigne,
639 3584 697 3599 .....
783 3547 843 3601 351.
860 3548 911 3602 sed
923 3550 1033 3602 sortasse
1047 3548 1126 3620 hujus
1139 3564 1203 3599 mee
1216 3565 1258 3599 cn-

182 3625 253 3696 freta
264 3643 381 3690 cruenta,
392 3631 518 3702 sanguine
529 3631 586 3702 ejus
596 3627 701 3680 infecte.
746 3627 872 3682 lumitatie
891 3629 989 3682 lundue
1008 3640 1048 3682 eet
1070 3629 1125 3700 ipsa
1147 3625 1258 3688 Medea,

225 3707 284 3777 347.
295 3711 402 3762 Semiviri
414 3731 500 3779 corpus
510 3711 612 3766 Achivi,
629 3724 700 3759 acer·
744 3711 799 3776 ipsa
825 3727 891 3760 nune
912 3713 1010 3778 magice
1032 3711 1142 3760 carmine
1162 3707 1259 3759 excitat

188 3785 223 3838 be
231 3798 258 3840 et
265 3789 454 3842 contumeliose
462 3789 578 3854 dictum,
592 3800 619 3840 nt
630 3785 702 3838 Gr·-
745 3801 847 3847 ventos,
856 3792 967 3856 levetque
980 3791 1060 3840 maria
1071 3791 1166 3846 ardua,
1175 3797 1204 3838 ut
1217 3803 1259 3838 ur-

189 3864 282 3919 cicum
295 3867 399 3940 Scythis
412 3869 557 3941 comparati
570 3866 663 3920 molles
676 3875 702 3918 et
746 3865 800 3920 dua
813 3867 878 3935 rint,
891 3873 918 3919 in
930 3868 996 3920 altos
1008 3867 1104 3920 fluctus
1116 3867 1258 3937 eriguntur.

188 3943 334 3998 effeminati
349 3947 465 4000 habendi
475 3949 542 4012 eint;
555 3949 590 4000 cs,
605 3944 700 4016 Virgil.
784 3945 842 4011 354.
853 3952 902 3998 Sed
916 3951 985 3998 harad
998 3951 1035 3999 illi
1043 3949 1131 4014 fietile,
1143 3945 1257 4004 inutile,

189 4023 249 4074 AEn.
263 4023 315 4088 lv,
331 4027 398 4092 2153
413 4027 461 4092 lx,
475 4030 543 4096 6173
561 4026 628 4091 XII,
649 4039 701 4093 993
746 4023 987 4092 contemnendum,
1008 4024 1167 4091 ridiculum,
1191 4042 1257 4073 trur-

188 4101 250 4158 item
262 4103 397 4169 Nostrum,
408 4124 487 4177 supra
496 4105 556 4172 ,v1‚
575 4109 636 4174 694.
649 4107 701 4156 Nee
746 4109 918 4175 rnurpreden'r.
928 4111 978 4165 Ire,
990 4119 1072 4164 mres,-
1083 4121 1172 4170 nunc,
1185 4121 1256 4156 nunc

188 4185 288 4234 murrea
298 4185 397 4258 (quum
412 4205 466 4240 non
477 4185 528 4241 uiri
539 4185 566 4238 in
578 4185 702 4240 ditiorum
747 4183 873 4257 insurgite
890 4184 988 4253 remis,
1002 4183 1083 4250 socii,
1099 4197 1122 4234 et
1127 4183 1259 4250 frangite,
