3006 4676
212 259 274 328 232
386 255 469 336 PIO
494 253 739 334 AUCTORE,
761 251 1112 318 SUPPLEMENTA

146 423 149 426 ·
254 393 428 481 Perpessus
446 389 515 453 nati
530 409 644 476 causa,
662 410 761 476 quem
776 386 829 452 dia
845 387 983 452 Coronis
1068 385 1070 388 ’

254 505 412 594 Concepit
427 495 506 593 ripis
525 503 640 593 Amyri
660 503 775 594 pingui
795 502 829 568 in
849 502 988 568 Laceria.
1243 515 1281 552 ¹⁵·

297 621 373 686 Non
389 619 527 707 Minyis,
543 618 626 684 foeda
639 618 771 708 pollutis
789 616 892 700 ccede,
908 617 1070 682 labantem

203 791 206 800 .
255 734 381 801 Gaudia
398 750 586 824 pertentant
604 734 769 818 animum,
786 734 929 800 Cerealia
945 732 1048 815 dona,

255 850 379 941 Ingrati
394 850 503 916 latices
518 850 656 932 Bacchi;
670 849 750 939 quin
768 849 900 914 naribus
913 849 1040 914 haerens

254 967 351 1030 Teter
365 965 449 1030 odor
464 965 598 1030 miseros
616 964 739 1030 crudeli
754 965 829 1030 tabe
844 963 987 1054 peredit,

253 1081 416 1147 Semiusto
432 1081 636 1158 Phaethonte
648 1080 728 1148 Padi
743 1104 847 1171 prope
862 1081 957 1146 dorsa
971 1079 1138 1170 profundi.
1245 1096 1283 1134 1⁵⁵

255 1197 429 1285 Accipiunt
446 1196 541 1262 etiam
559 1195 718 1284 gemitum
735 1196 876 1287 lugentis
889 1195 1005 1261 acerbe
1220 1215 1224 1224 ·

256 1311 428 1376 Heliadum
444 1311 568 1376 turbae:
586 1311 702 1376 harum
720 1313 823 1377 oculis
838 1312 864 1376 it
881 1311 1026 1377 tristibus
1040 1309 1172 1391 humor,

255 1425 396 1490 Palladio
415 1425 675 1512 quales'mansnt
693 1425 734 1490 de
752 1427 872 1492 cortice
889 1441 999 1517 guttae.

299 1539 378 1604 Mox
401 1539 540 1622 abeunt,
557 1538 773 1628 Rhodanique
789 1555 899 1605 secent
916 1537 1222 1604 immensalluenta.

253 1655 315 1718 Hic
331 1669 440 1718 autem
457 1653 591 1720 Eridani
612 1677 756 1744 praeceps
774 1655 919 1720 illabitur
941 1677 1092 1736 amnem,
1246 1673 1285 1714 1⁶0

254 1770 298 1834 Et
311 1769 444 1850 junctus
461 1769 599 1858 strepitu
614 1749 699 1859 ripas
713 1769 865 1858 praeradit
879 1785 997 1847 acuto,

256 1887 408 1950 Extrema
423 1886 556 1950 veniens
575 1885 709 1968 tellure,
727 1886 785 1950 ubi
803 1884 933 1950 cardine
953 1901 1070 1974 operto

255 2000 340 2066 Sunt
352 2000 517 2090 caligantis
532 2016 634 2088 portae
648 2017 682 2065 et
696 2024 778 2066 caeca
796 2001 876 2065 atria
889 2001 1013 2083 noctis,

223 2118 234 2140 *
256 2113 351 2178 Unde
366 2113 485 2180 cadens
499 2137 642 2203 praeceps
658 2114 719 2180 hac
736 2114 830 2180 litora
845 2100 950 2180 fei-tur
966 2114 1008 2179 ad
1027 2115 1091 2178 isna

237 2229 440 2310 ‘Turbidus,
465 2229 625 2318 Ionioque
642 2229 784 2295 fremens
801 2230 978 2296 bacchatur
993 2229 1128 2294 in'alto:
1247 2247 1284 2286 1⁶⁵

256 2344 332 2407 Illac
350 2341 508 2408 Sardoum
527 2344 641 2433 rapido
660 2344 742 2431 petit
760 2345 883 2433 impete
899 2361 1062 2434 pontum,

257 2457 443 2524 Flumineos
457 2457 566 2521 latices
587 2473 718 2546 septena
735 2479 793 2546 per
807 2459 888 2522 ostia
901 2459 1044 2556 inittens.

256 2574 320 2638 Per
340 2595 437 2661 quem
453 2572 550 2637 Graia
572 2573 644 2637 lacu
658 2573 734 2637 ratis
752 2589 802 2637 est
818 2595 880 2663 pro
898 2573 1021 2637 viribus
1038 2588 1108 2637 acta

257 2685 430 2774 Hybcrno,
443 2686 563 2775 linquit
575 2685 655 2750 dum
673 2687 791 2752 Celtica
808 2710 885 2752 rura
897 2687 1052 2767 juventus

256 2801 430 2865 Thessala:
453 2800 557 2866 fertur
573 2802 660 2866 enim
678 2803 826 2868 sinuosas
843 2803 1003 2891 plurimos
1023 2801 1126 2868 undas
1249 2839 1287 2865 ιο

256 2918 380 2982 Intrare
395 2916 533 2999 Oceani,
551 2919 664 3006 quaesi
681 2917 826 3007 Pagasaea
843 2917 984 2982 subisset

259 3033 378 3114 Navis,
398 3033 431 3096 in
449 3033 567 3123 ignotis
580 3034 752 3121 periissent
767 3031 920 3097 fluctibus
932 3056 1066 3115 omnes,
1121 3033 1124 3040 ⁴

258 3148 370 3211 Visere
386 3171 447 3213 nec
461 3149 530 3212 noti
544 3149 727 3236 potuissent
739 3147 879 3234 aequoris
897 3170 980 3213 oras.

299 3266 342 3328 At
359 3263 446 3328 Juno
464 3263 541 3328 caelo
554 3262 734 3352 effulgens,
759 3262 903 3352 caeloque
918 3264 1066 3329 relabens

257 3357 295 3443 ln
314 3381 431 3460 terras,
449 3377 539 3442 dedit
553 3378 718 3466 Hercynio
734 3377 775 3442 de
794 3379 912 3444 vertice
928 3380 1079 3469 signum,

257 3490 353 3556 Unde
369 3492 475 3556 omnis
492 3514 649 3557 concussa
666 3491 784 3557 cohors
801 3494 975 3558 formidine
990 3496 1071 3559 vasti

258 3607 432 3689 Clamoris,
453 3607 655 3698 graviterque
672 3607 739 3672 deas
754 3632 881 3674 summa
897 3633 971 3674 arce
988 3612 1147 3676 tonantis.

258 3720 381 3786 Heroes
403 3722 470 3785 caeli
490 3723 619 3787 monitu
633 3723 775 3807 rediere,
790 3726 944 3813 viamque

258 3837 449 3922 Agnoscunt
464 3833 580 3918 fidam,
602 3853 635 3902 et
650 3838 792 3904 melioris
816 3839 951 3928 gurgitis
971 3838 1085 3904 undas.

256 3949 364 4018 Litora
377 3951 544 4024 ¹continuo
565 3952 677 4040 rapido
698 3953 840 4019 allatrata
858 3936 1023 4043 profundo
