3022 4678
450 419 575 484 NOVl
607 418 857 484 Ent'ronls
887 419 1046 485 NOTAE.
1217 419 1275 485 155

218 535 352 605 Integrum
363 532 494 604 Wagneri
507 533 534 586 in
548 533 620 586 hunc
633 533 721 586 locum
735 532 952 586 commentorium
966 532 1018 585 hoo
1030 541 1085 586 est:
1100 557 1111 578 ι
1124 535 1173 584 ceu
1185 551 1277 592 sevus,

217 615 315 682 iratus,
333 619 441 668 Bacchus
458 621 484 668 in
499 623 559 669 nula
577 619 711 680 Echionia,
721 615 848 670 Thebans
864 617 955 684 (conl.
967 615 1037 670 infra
1051 617 1101 683 544
1111 619 1137 686 ),
1151 619 1276 676 Penthea,

218 703 310 770 injectis
318 721 366 768 per
378 705 487 763 roscida,
499 701 562 754 vino
572 699 690 764 medicis,
701 719 794 752 comus
805 703 899 761 vinclis
908 702 1035 773 quonism
1046 701 1178 755 Pentheus
1188 701 1279 755 vincu-

219 782 251 837 lis
269 801 330 837 eum
350 783 509 852 tradiderat,
534 788 632 845 deerit,
651 784 755 856 effugit.
784 788 883 853 Infectir
903 789 1004 848 vinctu,
1022 784 1195 840 suadentibus
1217 795 1278 837 aute

218 885 278 919 eum
292 867 355 932 Pio,
368 869 463 922 Vossio
473 905 481 932 ,
492 869 599 924 Heinsio
612 879 639 923 et
652 869 819 936 Burmanno,
831 869 933 941 primus
946 869 973 923 in
988 881 1089 923 textum
1098 867 1197 942 recepit
1211 869 1278 922 llar-

218 949 298 1003 lesius
308 971 316 1016 ;
326 952 428 1022 priores
440 951 539 1008 hebent
552 957 645 1006 meris
658 956 738 1015 vicis,
747 953 820 1026 quod
830 953 906 1006 nihili
917 967 987 1008 est».
1058 1015 1061 1022 ⁴

255 1034 297 1087 Nil
306 1034 463 1089 mutandum
475 1037 551 1090 nobis
568 1037 680 1091 videtur.
698 1039 798 1107 Infecta
813 1040 883 1090 vitta
898 1048 1007 1110 possunt
1022 1056 1078 1090 esse
1094 1039 1164 1088 uitta.¹
1180 1039 1261 1096 titetae
1269 1057 1279 1097 ‚-

219 1117 408 1186 sicPlin.V11,
424 1119 472 1182 56,
487 1123 584 1192 inficere
597 1125 688 1182 lasau
706 1121 801 1174 catull.
815 1120 913 1186 LXIV,
929 1122 997 1185 225,
1012 1122 1104 1190 insecta
1117 1123 1202 1172 tuem.
1217 1118 1278 1173 linc

219 1201 299 1254 vcrlst
306 1239 314 1263 ‚
330 1204 424 1271 irfictis
430 1223 478 1271 per
488 1206 587 1256 roscida
602 1225 695 1256 cornua
708 1207 789 1266 victu,
800 1205 912 1276 pingunt
923 1215 1045 1258 ornatum
1056 1202 1167 1270 Bacchi,
1176 1203 1222 1275 qui
1232 1203 1279 1254 vit-

218 1296 290 1338 tatus
301 1296 357 1339 eret
369 1303 442 1339 more
454 1286 602 1340 sacrificali.
619 1288 734 1360 Quoque
746 1287 919 1342 mutationem
935 1287 1021 1340 minus
1033 1287 1170 1358 requires,
1187 1283 1280 1339 confer

219 1367 335 1440 ejusdem
346 1370 435 1424 Nostri
449 1373 537 1424 locum
544 1410 553 1436 ‚
563 1371 609 1424 ubi
618 1371 673 1424 lere
681 1370 799 1424 similiter
808 1371 925 1442 pingitur
934 1367 1113 1435 Bscchus‚V,
1123 1385 1175 1438 79:

368 1493 468 1556 Udaque
478 1493 601 1557 pampinea
612 1503 744 1550 nectentur
754 1509 843 1542 coruus
854 1493 916 1540 vitm.

252 1617 296 1674 Sic
306 1620 403 1674 deinde
416 1622 500 1694 pergit
509 1623 680 1694 nguetus:
698 1607 713 1668 ιιΙ
722 1626 802 1687 Quum
816 1637 881 1674 teret
897 1625 938 1674 ille
950 1625 1034 1682 deum,
1049 1619 1100 1674 deo
1114 1637 1142 1672 se
1151 1616 1259 1691 plenum
1270 1655 1278 1681 ‚

219 1703 246 1756 iu
259 1703 378 1758 imorem
395 1719 500 1772 actum,
515 1705 918 1776 suinuclrertit‚pudibrordaque
928 1707 1034 1774 regnasua
1047 1705 1147 1762 mois,
1158 1699 1280 1754 habiturn

218 1787 407 1844 Bacchantium
421 1790 563 1854 (Heinsius
577 1792 677 1846 meruit
686 1793 880 1860 furibundoque
889 1793 993 1860 agruim
1006 1791 1111 1847 maerin
1124 1783 1163 1836 uil
1176 1784 1281 1855 opus),

187 1919 191 1928 .
219 1887 395 1944 tympanaque,
405 1891 429 1926 ee
438 1879 517 1928 subito
529 1878 801 1944 mr'serucer'pr'tlastcrs
810 1877 919 1934 motem,
927 1871 1064 1945 thyrsum,
1073 1887 1127 1941 qno
1138 1885 1192 1920 uon
1202 1875 1280 1918 scuto

218 1955 263 2009 illo
273 1956 398 2030 quidem,
411 1961 450 2012 uti
463 1959 549 2023 ensis,
561 1960 607 2013 sed
618 1961 727 2022 obtuso,
738 1957 874 2012 adueccm
883 1969 971 2014 temen
985 1975 1001 2008 s
1013 1965 1095 2008 matre
1107 1953 1197 2026 ignare
1211 1951 1279 2021 ejuv

218 2057 271 2110 que
280 2041 419 2096 comitibus
430 2043 562 2097 verberari
571 2062 600 2098 se
607 2043 725 2098 reniret.
734 2042 866 2096 Bocchum
876 2041 904 2095 in
916 2039 1020 2094 vincula
1031 2040 1178 2112 conjectum
1188 2053 1204 2088 a
1213 2035 1280 2086 Pen-

219 2121 280 2176 theo
291 2137 369 2194 poste
378 2137 468 2180 noster
480 2127 536 2180 sine
550 2125 632 2180 (lubio
647 2127 759 2199 sumpsit
772 2143 804 2179 es
818 2124 953 2196 Euripidis
965 2123 1094 2187 Bacchis,
1107 2142 1134 2176 v.
1146 2119 1263 2175 sot-518
1274 2159 1281 2184 ‚

217 2221 298 2275 quem
316 2206 438 2260 ersmdem
455 2208 546 2262 iisdem
554 2209 609 2263 lere
621 2209 708 2264 verbis
722 2209 846 2280 expressit
857 2207 999 2274 Ηοταῑὶιιι,
1012 2208 1077 2279 Epp.
1091 2209 1116 2270 1,
1134 2209 1178 2266 16,
1192 2205 1226 2274 73
1239 2221 1279 2274 tq·

218 2285 316 2340 Nscem
330 2289 473 2344 Pentheos
489 2303 571 2346 matre
586 2292 714 2346 inflictum
728 2310 801 2346 more
813 2309 879 2356 suo,
892 2291 921 2345 id
935 2301 987 2358 est,
1002 2289 1095 2344 viridis
1107 2287 1242 2342 coloribus
1255 2296 1283 2338 et

218 2369 254 2424 ad
263 2373 454 2428 miserationem
465 2376 681 2430 commovendam
695 2389 755 2449 epte
767 2378 851 2448 pinxit
863 2376 943 2430 ovid.
954 2377 1061 2429 Metam.
1072 2377 1125 2439 111,
1139 2376 1191 2445 poll
1200 2390 1258 2444 sqq·
1268 2396 1280 2415 ¹·

257 2459 291 2506 Τὸ
303 2454 400 2504 hastam
413 2458 503 2522 acecpit
514 2475 568 2510 non
579 2455 709 2528 significet
722 2457 775 2510 hoc
785 2457 858 2518 loco.
871 2459 944 2510 hesta
954 2461 1107 2518 vulneram,
1120 2455 1166 2509 sed
1183 2457 1281 2505 lassam

218 2541 449 2591 sumisPudibunda
462 2543 568 2607 tegmina
579 2545 664 2592 matris
675 2541 768 2612 longas
780 2539 919 2611 designent
932 2541 1024 2606 stolus,
1034 2539 1132 2612 quibus
1141 2549 1168 2591 ct
1180 2537 1280 2609 Agave,

219 2620 326 2672 Penthei
340 2633 433 2688 meter,
443 2635 469 2675 et
483 2625 540 2695 ejus
555 2624 666 2678 comites
682 2637 756 2678 crunt
769 2623 875 2678 indum.
891 2623 1001 2678 Bacchis
1020 2622 1175 2678 modestiam
1191 2618 1282 2674 tribuit

219 2703 377 2777 Euripides,
394 2707 490 2761 Bacch.
501 2708 664 2777 938.1detu,
681 2710 698 2761 l.
713 2707 732 2761 l.
749 2727 775 2762 v.
796 2707 871 2779 1075,
888 2706 969 2761 refert
984 2707 1098 2760 Penthea
1111 2705 1232 2778 jussisse,
1252 2713 1282 2754 nt

219 2788 338 2843 Bacchus
362 2791 390 2843 in
414 2811 544 2846 carcerem
565 2793 756 2866 conjiceretur,
776 2791 823 2864 qui
845 2810 906 2844 mox
922 2789 986 2844 inde
1004 2791 1031 2844 vi
1052 2789 1143 2843 diviua
1161 2788 1282 2860 elapsus,

220 2870 334 2926 Penthea
356 2875 480 2927 muliebri
500 2875 593 2928 habitu
608 2887 634 2928 et
652 2875 783 2929 Bacchico
801 2887 939 2940 ornatum,
953 2883 979 2928 et
995 2886 1084 2926 mente
1101 2873 1242 2926 alienatum
1254 2871 1281 2924 in

219 2969 389 3028 conspectum
408 2958 573 3012 Baccharum
596 2957 736 3034 produxit,
747 2977 892 3031 earumque
911 2957 995 3012 furori
1013 2957 1146 3030 objectum
1161 2960 1284 3008 deseruit:

219 3037 291 3092 unde
310 3041 404 3094 Noster
420 3059 493 3094 suam
510 3042 734 3116 comparationem
756 3041 839 3096 duxit
867 3041 990 3096 Medeam
1009 3041 1109 3098 scilicet
1126 3057 1280 3114 oppressam

220 3127 282 3175 mole
298 3128 340 3176 dei
352 3146 422 3194 quem
435 3142 534 3196 pectore
549 3143 600 3180 coco
612 3131 670 3198 jam
684 3143 747 3180 terret
759 3127 829 3196 (VI,
844 3129 924 3200 673),
935 3127 1097 3200 proprioque
1110 3125 1194 3178 lusori
1207 3123 1282 3193 obje-

218 3217 287 3259 ctem
294 3245 302 3270 ,
313 3208 421 3274 Venus,
433 3223 464 3264 ut
476 3211 591 3265 Penthea
605 3213 741 3277 Bocchus,
755 3210 857 3266 (leserit.

254 3360 287 3410 V.
301 3361 362 3414 318.
369 3399 498 3414 ........
515 3378 591 3431 atque
603 3369 744 3433 ampucius
755 3368 898 3417 decernitur
911 3369 963 3425 ira,

366 3453 403 3497 Ac
413 3465 491 3514 neque
501 3462 553 3498 tam
563 3451 629 3515 turpi
637 3468 757 3500 casuram
766 3467 860 3517 semper
870 3451 951 3499 amori

363 3535 514 3582 Proclamat.

219 3632 304 3704 lunge
317 3636 423 3686 decernit
436 3645 460 3687 et
468 3640 621 3704 proclamat,
635 3635 686 3689 hoc
699 3655 792 3690 sensu:
809 3635 934 3690 suadente
953 3637 1009 3701 irc,
1023 3635 1112 3689 statuit
1125 3647 1150 3688 et
1164 3636 1280 3690 declarat

219 3735 246 3770 se
259 3735 345 3789 neque
357 3735 505 3786 cenarem,
520 3730 568 3773 etc.

254 3853 290 3904 V.
304 3853 363 3906 335.
384 3859 554 3924 Moritumqne
571 3858 663 3924 colligit
681 3859 740 3908 iras.
759 3887 794 3895 —
815 3855 871 3909 lloc
887 3867 972 3929 potest
987 3858 1025 3910 sic
1046 3854 1169 3927 intelligi:
1188 3875 1280 3908 causas

220 3936 349 3990 moriendi
361 3937 458 4010 colligit
466 3980 473 4005 ‚
481 3958 509 3992 se
519 3937 552 3992 nd
564 3937 732 3992 moriendum
744 3939 847 3992 excitat.

255 4083 288 4134 V.
302 4083 362 4154 339.
378 4091 464 4137 Necte
477 4091 535 4138 lucis
543 4128 551 4149 ,
559 4092 607 4148 ait,
618 4107 663 4139 nec
676 4090 766 4140 videus
777 4093 829 4141 ulla
837 4093 945 4159 juveutoe

376 4172 491 4231 Gaudia,
502 4189 546 4222 nec
557 4175 636 4223 dulces
643 4173 734 4239 fratris
744 4177 873 4240 pubescere
882 4177 959 4223 malas
976 4183 982 4206 ³
