3022 4678
415 349 808 415 ARGONAUTICON
841 353 927 416 ΗΒ.
952 352 1033 416 vll.
1193 377 1252 442 127

235 477 344 564 (Quid
363 481 515 544 meritum
524 480 559 570 Ρ)
572 497 629 546 aut
644 483 721 546 tales
737 483 841 548 voluit
854 505 907 546 me
923 481 1065 570 pendere
1079 506 1198 572 poenas»

236 594 285 654 An
297 595 381 672 jacet
395 609 526 658 externa
541 595 631 681 quod
647 618 735 660 nunc
751 597 832 660 mihi
849 596 983 684 cuspide
995 597 1159 681 Canthus,

240 705 405 795 Quodque
423 731 515 773 meus
537 709 649 774 vestiis
663 709 780 774 cecidit
802 733 862 798 pro
877 711 1038 776 moenibus
1055 711 1167 800 lphis?

236 823 304 884 Aut
318 823 455 910 Scythiae
475 841 563 888 tanta
583 823 658 888 inde
674 825 812 890 manus?
822 825 970 905 jussisset
982 826 1071 890 abire

236 934 400 1017 Perfidus,
421 954 518 1024 atque
539 938 605 1000 suis
624 939 785 1027 extemplo
803 937 917 1004 cedere
934 939 1051 1028 regnis.
1215 961 1254 1003 ns

236 1050 332 1137 Spem
353 1051 432 1144 mihi
446 1052 637 1144 promissam
651 1076 710 1140 per
727 1077 800 1141 quae
817 1053 1002 1118 discrimina
1022 1077 1154 1135 mersus,

235 1163 276 1226 Et
290 1145 403 1230 reddat
420 1189 484 1253 qua
501 1167 589 1256 lege,
607 1165 719 1232 vides:
739 1167 933 1234 occumbere
948 1165 1078 1230 tandem

235 1275 430 1362 Possumus3
451 1278 551 1367 idque
564 1279 669 1362 sedet,
692 1304 789 1370 quam
805 1303 872 1344 non
886 1303 1099 1368 quaecumque
1113 1282 1220 1344 subire

235 1390 337 1456 Patris
353 1393 440 1472 jussa
458 1395 526 1458 tui:
546 1417 714 1483 nunquam
734 1396 804 1460 sine
821 1395 936 1460 vellere
956 1395 1052 1459 abibo

236 1483 321 1568 Hinc
340 1529 400 1595 ego
415 1531 424 1587 3
442 1506 636 1596 degenerem
652 1531 713 1572 nec
729 1531 782 1572 me
800 1525 836 1572 tu
852 1507 955 1596 prima
970 1506 1126 1572 videbis».
1214 1525 1254 1566 uo

280 1617 355 1681 Haec
371 1621 432 1684 ait:
454 1621 506 1684 illa
522 1635 682 1704 tremens,
699 1639 737 1686 ut
754 1623 906 1710 supplicis
923 1620 1060 1708 adspicit
1078 1644 1134 1686 ora

210 1724 212 1731 ’
235 1733 435 1799 Conticuisse
450 1736 529 1818 viri,
543 1739 675 1824 jamque
692 1752 724 1800 et
738 1758 797 1800 sua
814 1736 911 1801 verba
927 1736 1067 1823 reposci,

222 1943 275 1990 tax.
294 1937 372 1982 Voluit
379 1940 496 2000 pendere,
512 1953 560 1985 non
576 1943 718 2003 expendere,
732 1950 758 1987 nt
770 1942 826 1988 eitat
835 1940 912 1986 Heius.
924 1939 999 1985 vatic.
1012 1940 1065 1986 eod.
1079 1939 1158 1983 Voluit
1168 1953 1253 1998 expeu-

190 2015 412 2062 desomnem.
426 2017 553 2064 Voluitme
568 2020 701 2082 expendere.
716 2021 781 2066 Jnnt.
791 2021 876 2065 Maeer.
889 2017 942 2064 ald.
954 2019 1054 2078 sugent.
1075 2041 1105 2051 -·
1130 2023 1182 2071 422.
1199 2018 1252 2061 lam

185 2094 259 2154 jacet.
270 2099 360 2142 Bonom
373 2097 629 2146 eod.Bonou.l.1unt.
640 2109 665 2146 et
674 2109 774 2161 postem.
786 2113 860 2159 nsque
870 2097 900 2144 ed
912 2098 977 2145 Gen.
994 2099 1037 2143 En.

191 2283 290 2334 mentio
303 2282 372 2335 libro
385 2283 433 2349 VI,
446 2284 473 2336 in
487 2285 629 2337 certamine
639 2304 701 2338 cum
746 2285 799 2336 lent
811 2283 961 2352 omittere),
976 2302 1051 2350 quam
1066 2300 1115 2332 non
1133 2299 1254 2347 quecum-

189 2360 308 2431 Seythis‚
323 2373 349 2414 et
364 2361 453 2414 forsan
464 2364 565 2435 aliquot
579 2364 700 2417 versiculi
746 2383 793 2430 que
804 2367 884 2414 subire
896 2365 979 2413 Patris
986 2365 1059 2430 jussa
1071 2363 1114 2412 eui.

191 2438 391 2493 interciderunt.
401 2442 483 2494 Libro
492 2453 580 2495 tamen
591 2480 598 2505 ,
608 2444 631 2508 1,
639 2448 699 2506 441,
780 2448 841 2512 4²9·
857 2445 998 2507 Numquam
1010 2443 1062 2490 siue
1073 2442 1164 2490 vellere
1181 2439 1254 2488 ubibo

190 2518 214 2568 ei
225 2517 375 2588 predicitur
386 2537 458 2572 mors
471 2521 499 2573 in
512 2520 632 2592 Scythica
646 2540 700 2574 are·
744 2523 800 2572 hine
819 2539 863 2588 ego
877 2520 887 2587 (
895 2519 947 2570 hoe
967 2537 1011 2586 ego
1031 2517 1057 2568 h.
1077 2517 1093 2568 1.
1113 2514 1186 2569 haud
1202 2517 1253 2568 exi-

190 2614 231 2648 ua.
243 2603 295 2648 Aue
303 2600 407 2662 Scythice
417 2613 489 2668 tanta
499 2601 568 2659 iude,
577 2617 609 2651 ex
620 2599 700 2652 altera
744 2617 821 2670 gunm
833 2598 986 2669 gravitatem
997 2596 1075 2648 habet
1083 2599 1104 2662 ),
1114 2599 1254 2663 degenerem

188 2686 279 2743 parte,
290 2695 389 2736 maus,
399 2677 455 2729 soil.
466 2679 567 2737 cecidit,
579 2677 702 2748 quodne·
744 2678 886 2748 ignavum,
900 2673 1037 2737 timidum,
1051 2693 1096 2726 nec
1113 2693 1150 2726 me
1166 2689 1191 2724 tu
1202 2679 1254 2740 pri-

191 2752 332 2822 petendum
348 2773 379 2806 ex
396 2755 552 2826 precedenti
566 2773 653 2809 versu.
665 2785 701 2797 -
745 2777 786 2808 ma
796 2759 900 2808 videbis.
910 2755 975 2808 Satis
985 2754 1087 2806 fortiter
1096 2752 1164 2806 dieta
1174 2793 1181 2818 ,
1191 2754 1254 2804 mal·

190 2833 285 2884 Merito
299 2833 419 2904 queritur
430 2835 508 2888 Jaeon
523 2834 594 2905 quod
608 2837 701 2887 AEeten
744 2835 795 2886 lem
808 2833 891 2903 magia
903 2831 1016 2896 blande,
1030 2830 1102 2903 quod
1116 2849 1174 2883 meo
1187 2851 1253 2902 qun·

190 2912 276 2981 primo
292 2911 437 2984 benignum
454 2914 560 2986 (specie
573 2912 700 2984 quidem)
745 2910 999 2982 licumque.judicio
1024 2929 1056 2962 eo
1079 2921 1200 2979 poteret,
1224 2921 1254 2961 ut

190 3003 329 3061 expertus,
344 3011 416 3046 nune
433 2991 564 3044 infensum
584 2991 698 3059 habeat,
744 2991 896 3044 renuntiare
910 2989 980 3042 dicta
994 2989 1064 3060 patri
1076 2987 1195 3039 Medeam
1210 3006 1253 3038 ro·

190 3070 231 3120 eui
244 3080 296 3120 tam
308 3069 410 3122 naviter
421 3089 497 3123 suam
511 3070 539 3122 iu
553 3070 643 3140 praetio
655 3070 701 3124 ad·
744 3084 828 3140 geret.
849 3100 884 3108 -
900 3068 992 3120 Reselli
1014 3079 1100 3138 potest
1122 3067 1251 3138 Wagneri

191 3166 280 3201 nereus
289 3149 585 3221 Scythaaoppugnuntes
593 3168 700 3221 operam
743 3149 873 3220 judicium
884 3167 931 3210 eo,
943 3146 1015 3218 quod
1027 3145 1149 3200 Medeam
1162 3157 1254 3198 auctor

189 3227 349 3295 praestiterit.
362 3229 412 3280 En.
745 3247 840 3300 snpra,
852 3249 879 3282 v.
898 3233 963 3292 108,
977 3226 1109 3280 incensam
1120 3224 1194 3279 finxit
1205 3226 1255 3278 for—

225 3313 285 3370 4²4·
304 3311 429 3365 liusiuet,
445 3307 538 3378 jubere
556 3308 699 3378 potuisset,
745 3307 862 3360 titudinis
874 3319 900 3360 et
911 3306 1014 3360 mboris
1025 3307 1109 3376 speeie
1119 3345 1126 3369 ,
1137 3322 1195 3376 quae
1208 3305 1252 3378 Ja-

190 3403 232 3438 me
252 3389 320 3436 ubire
334 3390 462 3457 perfidum
479 3389 535 3458 jum
552 3405 616 3438 vero
635 3407 701 3454 spem
745 3389 817 3440 aonia
831 3405 860 3439 ex
874 3386 990 3438 humeris
1005 3397 1031 3437 et
1046 3396 1120 3455 tergo
1135 3383 1254 3436 abeuntis

190 3467 249 3514 mihi
261 3467 407 3530 promissam
425 3484 469 3533 per
485 3486 541 3533 qua
559 3468 701 3516 discrimina
745 3467 905 3537 appetebat:
926 3465 1003 3516 talem
1027 3463 1108 3534 igitur
1132 3461 1253 3514 Medeam

190 3563 284 3604 narsus,
298 3561 381 3602 noem*
393 3559 478 3613 etqua
489 3548 635 3616 legequam
649 3543 699 3596 dn·
744 3545 823 3598 fortia
844 3543 926 3616 magis
946 3561 1024 3614 quam
1046 3539 1142 3594 blanda
1157 3541 1253 3613 juvisse

189 3623 226 3676 ris
239 3621 434 3676 conditionibus
442 3661 451 3687 ‚
460 3627 561 3684 reddat,
573 3622 699 3688 exsolvat,
743 3626 823 3678 verbu
836 3623 977 3676 verisimile
989 3633 1036 3676 est.
1051 3621 1099 3674 En.

189 3703 267 3752 vides.
487 3753 491 3762 ,
778 3705 907 3766 ddi-461.
919 3700 1012 3753 Medea
1023 3699 1057 3752 ad
1071 3698 1128 3750 huc
1143 3717 1252 3770 respon·

226 3786 287 3850 4²7·
311 3784 456 3832 Oceumbere
479 3783 594 3842 medem,
617 3781 638 3832 ei
661 3779 698 3834 itu
743 3781 803 3846 det,
825 3781 984 3853 tandemque
1004 3780 1099 3832 herbas
1117 3777 1195 3830 tradit
1214 3777 1254 3830 Ja-

190 3858 244 3910 fata
265 3857 344 3912 velint
354 3895 362 3921 ,
372 3877 513 3927 possumus,
530 3861 604 3927 idque
616 3862 697 3919 sedet,
744 3862 808 3914 soni.
822 3867 947 3921 Tremens,
958 3861 1106 3926 utsupplieis
1114 3896 1122 3918 ‚
1132 3876 1185 3910 non
1200 3871 1252 3910 tam

190 3937 300 3990 tirmiter
308 3935 379 4008 apud
388 3939 507 3992 animum
515 3939 637 3992 constitui
647 3938 700 4006 (ad
744 3940 931 4010 verbie‚quam
947 3939 1034 4004 vultu,
1050 3956 1094 3986 ora
1112 3940 1254 3986 conticuisse

190 4013 223 4069 ‘¹⁰
242 4021 332 4085 Μῆὺ,
349 4016 391 4070 vel
407 4021 489 4084 potius
496 4055 504 4078 ,
520 4017 592 4090 quod
613 4017 701 4070 latini
743 4022 795 4070 ‘uiri
807 4021 886 4078 vuer,
895 4022 999 4087 jamque
1018 4033 1042 4067 et
1062 4035 1107 4066 sua
1127 4019 1205 4064 verba
1218 4033 1254 4063 re-

190 4093 262 4147 haud
280 4115 357 4160 rano,
375 4097 414 4150 uti
432 4102 521 4168 μᾶλλον
542 4096 643 4159 Greci,
661 4115 701 4148 so·
743 4101 826 4164 posci,
838 4095 934 4167 cupide
944 4093 1154 4166 exspectari‚nec
1167 4095 1252 4160 quibus
