2994 4702
238 362 302 440 344
618 363 914 428 CATALOGUS

238 507 406 572 superasse
415 488 571 549 Ancoeum
582 503 616 548 et
627 487 803 573 Nauplium
814 485 930 565 refert,
942 502 974 548 et
989 485 1112 571 Tiphyn
1123 486 1307 572 excepisse,

239 605 278 652 ut
303 590 336 652 in
365 590 486 679 Ergino
502 589 695 655 videbimus.
717 593 753 654 ln
780 590 972 654 dictionario
996 589 1148 653 historico
1174 589 1307 676 poetico

238 693 333 758 video
359 699 531 758 memorari
553 700 674 760 Anaxo
698 690 1075 783 Ancae1·fllnm,quam
1103 693 1161 758 diu
1186 696 1306 758 frustm

240 800 390 887 quaesivi3
406 800 462 864 sed
490 801 587 864 credo
606 803 655 866 vel
680 803 820 865 auctoris
847 801 1057 889 negligentia,
1078 801 1135 887 qui
1156 799 1305 862 vitiosam

239 904 414 992 editionem
432 906 564 969 Homeri
585 906 791 970 consuluerat
809 903 862 989 (in
874 904 1049 968 Scholiaste
1062 905 1148 966 enim
1162 905 1197 968 Il.
1212 904 1303 984 xlv,

242 1003 322 1086 323,
334 1006 391 1068 ubi
404 1007 564 1074 Alcmenae
579 1029 681 1096 genus
700 1009 847 1087 refertur,
862 1006 990 1094 legitur,
1003 1007 1110 1078 Ᾰνιῑοῡς
1125 1021 1170 1075 τῆς
1183 1007 1306 1085 Apulo,

242 1133 303 1198 pro
318 1101 439 1186 lustau,
450 1128 488 1194 ut
505 1113 538 1174 in
559 1111 700 1175 editione
718 1110 877 1176 Hachiana
897 1113 1115 1198 correctum),
1129 1112 1177 1175 vel
1190 1133 1304 1199 opera·

240 1238 315 1279 rum
332 1238 440 1280 errore
457 1239 526 1280 esse
551 1215 675 1281 editum
702 1240 760 1304 pro
781 1217 887 1280 Alocei
905 1217 1003 1302 filia:
1019 1239 1092 1280 nam
1117 1215 1304 1304 Apollodor.

241 1317 296 1382 lib.
309 1318 433 1407 11,oap.
448 1321 510 1398 Μ
523 1318 559 1400 5,
572 1321 693 1382 Anaxo
704 1318 807 1382 Alces·
818 1317 929 1396 filiam,
940 1317 1140 1405 Electryonis
1153 1339 1306 1396 uxorem,

241 1439 274 1486 et
291 1439 426 1488 matrem
443 1423 602 1486 Alcmenae
620 1423 756 1502 sa'cit3et
773 1423 826 1486 ille
840 1422 967 1486 Aloeus
985 1439 1183 1486 memoratur
1198 1421 1305 1485 Schol.

243 1527 348 1616 Apoll.
362 1529 394 1609 1,
409 1533 484 1615 747,
496 1545 542 1614 ut·
551 1525 635 1593 filius
654 1527 761 1590 Persei
775 1543 807 1590 et
818 1525 1033 1590 Andromedae
1043 1528 1158 1606 luerit,
1171 1542 1203 1590 et
1216 1542 1307 1613 pater

242 1632 507 1721 Amphitryonis3
525 1631 589 1696 vid.
606 1631 713 1695 Schol.
733 1630 827 1696 Pind.
848 1631 976 1719 Olymp.
994 1631 1047 1712 Vl,
1066 1631 1144 1712 1153
1158 1630 1302 1718 Euripid.

243 1737 368 1800 Hecub.
388 1737 467 1816 886,
484 1752 516 1799 et
537 1737 625 1799 Serv.
644 1734 683 1799 ad
698 1735 786 1823 Virg.
801 1734 876 1798 AEu.
891 1734 952 1812 Vl,
966 1736 1036 1820 Ι396
1046 1760 1054 1817 ;
1074 1735 1116 1798 ita
1134 1750 1172 1798 ut
1182 1737 1306 1798 Anaxo

245 1841 314 1905 haec
340 1841 486 1928 nupserit
512 1855 628 1927 patruo
654 1855 713 1903 su'o
737 1840 937 1926 Electryoui,
959 1840 1054 1903 Alcaei
1074 1839 1173 1903 fratri.
1193 1840 1306 1903 Obiter

246 1948 341 2012 etiam
360 1963 456 2028 noto,
474 1937 598 2010 An'aoeo
618 1947 712 2010 aliam
734 1948 924 2028 memorari,
940 1969 1037 2033 quam
1059 1964 1133 2011 ante
1151 1947 1304 2012 Helenam

246 2076 285 2118 ex
299 2054 394 2132 Troja
421 2053 564 2140 rapuisse
579 2051 703 2115 Thesea
733 2069 840 2115 narrat
859 2053 1049 2132 Athenaeus,
1074 2053 1128 2116 lih.
1153 2053 1250 2134 Xlll,
1270 2077 1305 2134 1,

246 2181 343 2246 quem
368 2179 473 2221 errare
491 2159 523 2220 in
543 2159 643 2246 patria
661 2157 757 2236 hujus
775 2157 917 2220 mulieris
938 2173 1022 2222 recte
1038 2157 1180 2223 ostendit
1195 2157 1304 2221 Meur-

244 2265 311 2326 sius
330 2264 362 2325 in
379 2263 520 2344 Theseo,
537 2285 606 2350 cap.
627 2262 684 2344 233
699 2279 731 2326 et
753 2285 791 2326 ex
815 2263 977 2326 Plutarchi
993 2263 1136 2346 Theseo,
1154 2286 1224 2352 pag.
1249 2261 1305 2344 13,

246 2391 306 2456 pro
331 2379 357 2430 la
370 2379 459 2446 Τροίας
476 2366 666 2456 legendum,
681 2379 709 2429 ta
719 2379 876 2450 Τροιζηνίας,
892 2391 1086 2456 quamquam
1101 2371 1196 2433 etiam
1212 2391 1306 2457 posse

246 2473 327 2562 legi,
340 2483 367 2534 ist
376 2483 514 2552 Τροιζῆνος,
527 2470 675 2535 ostendit.

290 2669 563 2735 ANCHISTEUS.
583 2671 677 2734 Hunc
696 2672 829 2733 Carrion
847 2673 955 2736 retulit
971 2674 1004 2734 in
1018 2673 1196 2761 catalogum
1208 2678 1308 2761 Argo·

248 2793 418 2841 nautarum
435 2776 476 2840 ab
495 2778 626 2866 Orpheo
638 2793 909 2859 memoratorum,
925 2778 999 2842 lieet
1017 2795 1167 2866 corrupte
1185 2781 1307 2868 legatur

247 2884 280 2944 in
293 2883 454 2946 Carrionis
464 2881 622 2964 editione,
634 2883 847 2946 ,Anchisia-us.
862 2883 983 2970 Orphei
993 2885 1106 2965 verba,
1115 2907 1160 2947 vs.
1176 2907 1237 2948 220
1247 2883 1307 2971 (r),

249 3005 341 3051 sunt:

363 3097 445 3206 Antip
460 3113 493 3174 tl
506 3120 597 3171 ileliae
611 3116 737 3186 (tepuistis
747 3116 814 3168 ἤλυθ’
827 3115 932 3176 ἄνακτος

366 3210 510 3277 Antoniis

223 3406 226 3413 ·
284 3384 322 3448 (ι)
342 3379 382 3432 Ad
400 3399 480 3452 quem
499 3383 587 3435 locum
602 3381 662 3434 vide
680 3381 790 3434 Gesner.
811 3401 871 3452 pag.
893 3390 942 3448 do,
969 3384 1014 3454 qui
1029 3385 1107 3437 etiam
1126 3383 1269 3436 refutatum
1288 3383 1308 3434 it

252 3468 411 3522 Vslclrenar.
425 3469 459 3522 ad
469 3472 590 3524 Ammon.
601 3471 630 3534 1,
656 3487 683 3534 1,
701 3489 727 3540 p.
742 3469 757 3520 5
768 3487 822 3539 seq.
832 3468 866 3522 de
876 3471 928 3524 hoo
939 3472 996 3524 loco
1010 3471 1193 3544 disputantem.
1207 3473 1309 3522 Pierson

252 3556 281 3608 iu
295 3555 417 3608 Verisim.
436 3557 476 3624 11,
490 3557 523 3622 ⁵,
542 3577 600 3630 pag.
624 3565 672 3626 ¹94
688 3576 744 3629 seq.
762 3575 865 3611 versum
886 3559 1014 3614 excidisse
1030 3561 1168 3612 arbitratus
1187 3561 1307 3632 supplet,

247 3652 313 3706 ἤλυθ’
341 3649 445 3711 ἄνακτος
474 3659 563 3724 liudpr<
595 3653 639 3706 lin
664 3641 857 3724 ir'dssoroc,
885 3645 980 3715 isiacis<
1009 3649 1142 3707 Alcetidas
1163 3645 1308 3724 Ᾰγχιστιὺς.

251 3734 345 3788 Fascius
366 3735 392 3786 iu
411 3737 525 3807 Epistola
544 3737 633 3790 critica
653 3735 904 3808 (Erlangoe177a),
927 3758 980 3792 non
1003 3738 1114 3805 videns,
1136 3759 1186 3810 qus
1209 3739 1309 3792 ratione

251 3831 362 3879 Acastus
377 3825 453 3879 Peliss
471 3827 557 3893 iilius,
575 3829 654 3902 hujus
668 3831 799 3901 ἀγχιστώς
812 3828 865 3882 dici
877 3833 975 3903 possit,
995 3831 1187 3885 emendandum
1203 3845 1308 3912 censet¹

249 3924 316 3978 ἤλυθ’
328 3907 442 3983 haere<
458 3915 562 3995 Amor’
574 3925 626 3991 ilic,
644 3933 690 3977 eut
705 3922 728 3974 si
745 3929 784 3990 ὣς
805 3935 888 3976 metro
909 3927 1011 3978 obstare
1033 3924 1168 3992 videatur,
1179 3919 1242 3999 Ᾰγχ·
1262 3927 1308 3989 ὥς.
1352 3983 1355 3990 ,

250 4005 320 4064 Vide
333 4005 485 4063 criticorum
498 4011 684 4080 diversitatem,
694 4033 774 4087 quam
784 4033 847 4068 vero
859 4014 908 4066 sub
918 4033 1026 4068 examen
1042 4033 1136 4069 vocare
1146 4053 1153 4077 ,
1164 4033 1218 4067 non
1230 4015 1310 4086 hujus

252 4100 303 4154 loci
315 4113 360 4156 est.
378 4099 492 4154 litatus.
