3022 4678
225 343 285 410 158
326 343 378 408 IN
408 344 494 408 LlB.
516 343 777 410 SEPTIMUM
807 343 1197 412 ARGONAUTICON

221 455 387 508 Burmannus
398 455 454 511 vult
466 458 571 517 lumina,
581 455 653 528 quod
666 456 786 511 lucilius:
801 458 879 530 longe
894 459 995 512 felicius
1008 470 1094 512 tamen
1108 457 1239 512 Dorvilius
1252 456 1287 509 ad

220 537 320 592 Cbarit.
330 557 358 610 p.
372 539 432 604 205,
441 555 561 591 rasarone
572 540 699 604 numina,
711 542 728 594 i.
739 561 761 594 e.
772 540 904 604 Oreades,
914 542 958 596 cui
967 541 1145 596 emendationi
1153 559 1288 597 assensum

220 640 270 694 ego
280 639 340 676 cum
351 623 469 678 Harlesio
481 624 594 695 praebeo.
606 624 736 697 Nympha
745 638 877 678 montana
886 623 920 678 ad
930 637 1038 680 cantum
1047 624 1180 695 magicum
1189 621 1289 676 Medea

221 705 419 760 abscondebant
441 725 484 773 se,
503 726 606 776 cumque
626 712 676 759 suis
699 713 775 760 averti
796 711 898 762 collibus
919 729 1012 762 antaee.
1040 708 1083 762 Nil
1108 720 1222 770 mutem,
1242 695 1289 778 qul

219 791 300 844 sciam
311 831 318 856 ‚
328 791 486 844 carminibus
496 791 605 864 magicis
614 803 705 863 poetas
714 812 757 848 res
768 794 872 846 ellicere
886 793 928 848 vix
943 791 1081 848 credibiles
1092 833 1099 858 ,
1114 790 1228 862 ideoque
1241 789 1289 842 llu-

221 875 293 927 mina
303 894 364 928 cum
375 876 437 946 ipsis
447 874 566 941 collibus,
576 875 648 946 ripis,
657 875 783 942 molibus,
795 877 855 930 loco
866 889 935 930 mota
945 877 1008 930 alins
1016 877 1065 929 sibi
1074 876 1129 928 rias
1138 875 1270 946 aperuisse
1280 891 1289 936 ;

223 960 244 1011 si
257 959 316 1029 quis
327 970 415 1011 tamen
426 977 486 1012 cum
496 959 650 1012 Bormauno
661 961 735 1014 malit
747 965 868 1021 rrallibus,
882 961 899 1013 i.
914 981 937 1015 e.
951 960 1046 1022 alveis,
1059 959 1101 1012 vel
1115 977 1175 1012 cum
1186 959 1289 1012 Walte·

223 1041 319 1178 fiplbderp
327 1040 360 1093 sd
374 1043 480 1094 Lucret.
497 1043 519 1104 1,
537 1043 621 1105 ιο84,
635 1047 728 1111 subque
739 1048 804 1105 suis,
819 1062 869 1098 nec
881 1064 925 1098 ma
938 1044 1133 1098 dissentientem
1144 1041 1288 1100 admodum

312 1135 339 1175 u.
351 1149 361 1170 .

258 1263 292 1314 V.
306 1263 365 1328 394.
379 1267 484 1328 lamque
500 1276 602 1313 tremens
616 1266 687 1332 louge
702 1269 811 1332 sequitur
830 1271 918 1317 Venus.
934 1296 968 1306 -
978 1264 1090 1318 Veneris
1105 1230 1216 1314 Hecates
1231 1261 1290 1312 luco

224 1343 459 1417 appropinquantis
474 1345 594 1397 timorem
609 1345 701 1398 confer
713 1362 773 1400 cum
785 1347 902 1420 ejusdem
914 1347 1054 1419 jactantia,
1069 1363 1146 1418 sopra
1156 1345 1207 1408 Ν,
1223 1345 1289 1396 182:

224 1433 276 1480 Nec
289 1443 313 1480 te
323 1447 388 1482 nuuc
400 1433 503 1481 Hecates
513 1433 599 1481 subeat
607 1446 696 1491 meurs,
706 1441 755 1483 eto.

259 1579 292 1630 V.
302 1577 361 1642 413.
382 1581 469 1628 Fersue
488 1579 598 1644 aliqum
613 1596 679 1645 spem
696 1581 779 1630 lueis?
794 1577 876 1632 «Han
892 1578 1008 1640 locutio,
1023 1575 1109 1648 inquit
1120 1575 1289 1646 Wagnerus,

227 1661 413 1716 Hebraismum
427 1662 481 1714 lere
495 1659 610 1726 redolet,
620 1659 654 1714 de
663 1673 815 1732 quotamen
824 1661 947 1716 Valerius
961 1676 1014 1714 nan
1028 1658 1168 1731 cogitavit:
1185 1657 1292 1722 lortsue

226 1747 381 1801 obversatus
392 1755 431 1796 est
443 1743 553 1808 Cicero,
567 1743 614 1813 qui
627 1743 747 1815 prolege
760 1744 880 1806 Manilia,
895 1763 953 1812 cap.
971 1763 1013 1806 rs,
1030 1748 1107 1796 lucem
1118 1759 1168 1813 pro
1168 1743 1293 1809 felicitate

226 1828 315 1900 posuit
322 1845 331 1890 ;
345 1825 401 1880 veri
414 1838 503 1882 tamea
515 1825 626 1882 similius
639 1829 718 1880 vitam
736 1829 830 1882 Noster
845 1829 929 1882 voluit
944 1826 1055 1898 intelligi
1063 1851 1085 1877 u.
1099 1857 1132 1868 -
1142 1825 1221 1878 Certo
1234 1841 1291 1877 oar-

227 1912 298 1968 tius:
313 1929 386 1966 nunc
399 1907 468 1965 enim
482 1909 608 1964 desoluto
622 1911 714 1964 anxius
725 1911 822 1975 lason,
833 1911 992 1980 deselicitare
1004 1909 1072 1963 nibil
1085 1909 1191 1980 cogitat.

262 2060 296 2113 V.
310 2059 370 2124 418.
380 2059 426 2118 Sic,
436 2072 459 2107 re
467 2061 511 2108 sub
521 2070 590 2118 teste,
601 2061 690 2110 remitti
700 2065 748 2109 rus
759 2078 804 2120 me,
811 2061 896 2130 uirgo,
909 2065 1081 2112 suum-rou
1090 2074 1157 2112 tuum
1167 2054 1293 2110 subaudit

229 2147 355 2211 conjugem
366 2141 532 2194 Burmannus
541 2177 549 2204 ,
559 2138 684 2213 additque
695 2179 702 2206 ,
718 2157 746 2193 ut
753 2161 822 2210 spero
837 2159 862 2196 et
868 2146 988 2210 promitto
1000 2162 1038 2194 me
1051 2147 1123 2195 Fare.
1139 2147 1215 2192 Tuum
1225 2140 1294 2194 Wa-

229 2244 324 2298 gnerus
338 2223 459 2295 intelligit
477 2227 514 2274 tui
527 2238 667 2284 amantem,-
682 2224 728 2277 sed
742 2225 770 2276 in
783 2226 922 2296 praesentia
935 2245 1041 2291 rerum,
1055 2222 1174 2278 nondum
1190 2235 1293 2275 matura

228 2320 267 2362 est
279 2307 423 2360 Burmanni
436 2305 482 2358 illa
494 2306 620 2359 connubii
632 2307 752 2379 sponsio,
765 2327 815 2361 nec
828 2308 870 2361 illa
882 2311 1013 2386 Wagneri
1024 2310 1120 2362 amoris
1133 2307 1273 2362 declaratio
1284 2323 1292 2368 ς

230 2409 313 2464 quare
324 2407 392 2443 rreum
404 2389 448 2443 hic
464 2390 611 2460 significare
622 2401 687 2462 puto
704 2406 771 2442 ueram
786 2395 927 2460 supplicem.
944 2393 971 2446 ls
982 2392 1052 2446 illius
1068 2395 1172 2460 supplex
1185 2387 1293 2450 dicitur,

231 2479 307 2548 cujus
316 2473 526 2532 miscricordiam
542 2472 682 2544 implorat,
693 2474 737 2526 cui
747 2475 892 2548 supplicat:
906 2495 987 2547 porro
998 2473 1058 2528 ride
1073 2473 1166 2544 supV,
1177 2473 1239 2538 386,
1252 2475 1297 2523 sed

222 2562 363 2630 serapem,
378 2561 478 2628 regina.
494 2560 574 2620 uiri&
589 2555 653 2610 ibid.
668 2556 731 2626 391,
748 2561 773 2610 irs
788 2575 811 2612 te
824 2563 935 2619 animos,
952 2562 998 2610 sed
1012 2573 1037 2610 et
1051 2561 1135 2609 omnia
1153 2571 1237 2608 nostro
1254 2575 1304 2606 ren

230 2663 296 2712 pono
306 2665 318 2705 ,-
331 2655 357 2700 et
369 2643 439 2695 conl.
449 2641 503 2694 v11
514 2678 522 2704 ,
535 2658 594 2708 290,
605 2655 630 2692 tu
642 2645 834 2712 supplicedigao
843 2646 948 2713 Dignior
956 2663 1000 2704 err
1018 2641 1083 2696 ibid.
1095 2661 1121 2695 v.
1133 2643 1195 2706 431,
1203 2655 1230 2691 ut
1238 2659 1295 2706 sup·
1362 2705 1363 2710 ¹

228 2730 301 2796 plicis
310 2729 399 2798 aspicit
407 2747 453 2778 ora
465 2721 613 2782 Conticuisse
621 2730 678 2780 uiri.
1277 2735 1281 2742 “

267 2891 302 2941 V.
315 2895 376 2953 400.
390 2891 440 2940 Nec
450 2904 525 2956 pater
533 2892 576 2940 ille
588 2903 642 2944 tures
655 2893 729 2942 tantu
739 2910 776 2942 me
789 2909 909 2958 opponere
919 2893 1041 2948 moronis,

390 2978 408 3038 (
416 2975 483 3040 Quid
489 2975 600 3026 meritam
608 2978 642 3036 l)
652 2987 698 3030 aut
710 2977 770 3031 tales
783 2977 863 3030 voluit
874 2992 912 3024 me
918 2976 1026 3040 paudere
1033 2989 1128 3040 panas.

232 3137 245 3157 a
254 3110 295 3164 Sic
304 3107 424 3178 vulgata,
435 3105 522 3176 inquit
532 3103 695 3174 Wagnerns.
707 3103 874 3155 Burmannus
885 3102 1007 3174 exemplis
1019 3103 1089 3168 aliis,
1099 3103 1145 3155 ubi
1156 3106 1298 3155 illectorem

233 3203 428 3267 permutantur,
442 3200 530 3241 motus
546 3186 668 3252 dubitat,
680 3205 769 3240 annon
783 3185 950 3241 scribendum
961 3185 995 3240 sit
1007 3205 1015 3240 :
1030 3207 1073 3240 nee
1084 3201 1155 3254 pam
1166 3202 1223 3241 aare
1233 3202 1296 3240 tuus.

233 3280 289 3350 Ego
303 3295 365 3330 vero
380 3279 434 3326 don
448 3269 565 3323 dubitavi
578 3270 604 3321 iu
620 3282 717 3323 textum
731 3270 855 3341 recipere.
870 3271 907 3321 Ut
919 3269 1052 3342 primum,
1067 3270 1119 3324 hoo
1132 3272 1188 3324 vult
1200 3271 1297 3332 lason,
1365 3310 1366 3313 ,

232 3361 314 3434 patris
326 3358 364 3411 tui
380 3355 456 3426 copia
469 3353 534 3405 mihi
555 3353 639 3416 factu,
654 3371 755 3424 egoque
772 3351 855 3406 vellus
870 3354 903 3406 ab
922 3373 953 3406 eo
968 3353 1044 3426 perii,
1060 3353 1125 3406 nihil
1140 3353 1213 3405 aliud
1228 3371 1242 3404 a
1256 3371 1298 3404 me

232 3439 390 3516 postularit,
404 3453 484 3510 quam
498 3447 528 3488 ut
539 3435 566 3486 iu
580 3433 743 3489 debellandis
756 3455 816 3488 eum
830 3437 933 3509 Scythis
948 3439 1111 3512 adjuvarem.
1127 3435 1221 3510 Adjuvi
1234 3449 1299 3488 stre·

233 3545 305 3589 nuo,
319 3541 367 3576 nec
382 3521 438 3575 sine
449 3525 551 3595 jactura
565 3519 707 3572 sodalium.
717 3523 737 3566 η’

269 3656 303 3706 V.
314 3654 372 3718 430.
384 3659 531 3721 Degenerem
540 3670 583 3702 nec
596 3671 633 3702 me
646 3668 671 3702 tu
683 3657 766 3719 prima
778 3658 880 3707 uidebis.
896 3687 930 3696 -—
941 3656 1034 3724 virgil.
1045 3659 1108 3708 AEn.
1123 3654 1174 3715 lv,
1188 3653 1237 3706 13:
1254 3657 1299 3702 Dr«

231 3755 331 3806 generes
342 3740 437 3786 animos
450 3738 523 3785 timor
535 3737 627 3803 arguit.
645 3734 740 3789 Nescio
759 3755 807 3789 cur
824 3739 961 3812 Adelphos
981 3745 1079 3790 Dureau
1096 3742 1127 3789 de
1145 3740 1255 3787 Lamalle
1271 3735 1300 3788 in

234 3821 299 3871 Vns.
311 3821 384 3871 Lect.
398 3817 470 3870 hunc
483 3834 587 3870 versum
602 3818 684 3872 Statio
701 3821 799 3876 tribuat
812 3859 819 3886 ‚
831 3841 918 3895 neque
937 3841 984 3875 cur
1001 3823 1094 3894 probet
1110 3821 1185 3872 Mon.
1203 3816 1300 3872 codicis

234 3898 373 3952 lectionem
385 3915 448 3949 metu
458 3937 465 3959 ,
475 3898 636 3969 reprobante
651 3919 783 3958 mensura.
795 3907 836 3956 An
848 3907 953 3978 ignorat
966 3908 1078 3976 primam
1094 3905 1219 3976 syllabam
1231 3902 1300 3952 vocis

236 3997 301 4033 metu
318 3981 434 4052 corripi?
445 3999 523 4033 nemo
541 3981 630 4034 credet
648 3987 781 4055 profecto,
798 3989 850 4041 nisi
865 3989 911 4062 qui
933 3987 1079 4042 meminerit
1097 3985 1228 4038 infelicem
1245 3982 1300 4055 ejus

238 4063 448 4117 emendationem
464 4063 498 4116 nd
512 4083 615 4116 versum
638 4073 686 4131 044
704 4068 782 4142 hujus
799 4071 867 4123 libri.
882 4071 1007 4122 Praetereo
1023 4091 1060 4122 me
1072 4069 1115 4123 liic
1133 4085 1238 4122 necesse
1248 4077 1301 4132 est,
