2994 4702
252 371 315 434 3¹22
497 368 677 434 ORPHEl
706 369 1067 436 ARGONAUTICA.

294 501 437 590 Excipit,
455 516 492 564 ut
505 499 641 564 referam
658 501 783 590 magnis
803 524 893 565 sacra
905 501 1034 591 regibus
1051 503 1145 584 Orci,

293 617 390 680 Vasta
405 615 524 704 quibus
541 631 655 703 parent
669 615 819 688 immensi
835 616 972 680 claustra
992 615 1142 682 barathri.
1268 642 1320 680 nso

291 727 372 794 Inde
385 729 469 792 celer
481 727 562 815 'petii
575 728 721 792 Thracen
734 750 794 815 per
808 751 935 793 summa
950 732 1095 794 nivosam

290 842 458 906 Libethras
473 841 616 930 gaudens
631 858 749 906 terram
764 844 905 933 tetigisse
920 861 1097 932 paternam.

291 955 352 1019 Hic
371 969 501 1018 antrum
520 954 605 1018 subii
621 955 832 1042 peramabile,
851 955 1019 1044 splendida
1037 981 1103 1064 spuo
1114 979 1171 1052 ,me

290 1068 430 1133 Protulit
444 1067 572 1159 OEagro
588 1084 690 1133 mater
705 1071 873 1134 commista
890 1072 1027 1158 potenti.

284 1781 328 1846 N.
346 1780 383 1844 B.
409 1779 501 1843 Hanc
527 1778 649 1866 Orphei
671 1777 912 1865 Argonauticon
936 1781 1117 1845 versionem
1143 1783 1311 1848 Leodrisio

239 1898 391 1982 Cribello,
403 1899 648 1979 Mediolanensi,
666 1897 782 1960 tribuit
800 1901 1024 1981 Burmannus;
1048 1901 1121 1965 vide
1134 1903 1311 1970 Burmann.

243 2019 364 2108 praefat.
374 2018 423 2099 ll,
439 2032 556 2081 nostrae
571 2015 649 2079 edit.
665 2031 746 2079 tom.
764 2016 797 2097 l,
811 2038 883 2104 pag.
899 2017 961 2081 CL.
978 2017 1127 2082 Graecum
1144 2037 1311 2086 auctorem

243 2155 379 2202 autnon
397 2137 510 2226 legisse
522 2135 616 2216 Pius,
632 2149 689 2198 aut
705 2156 772 2196 non
791 2133 985 2232 intellexisse
996 2135 1091 2199 nobis
1102 2137 1240 2220 videtur,
1253 2140 1310 2226 qui

243 2256 370 2319 Latiam
388 2253 493 2341 lyram
506 2251 592 2339 (vide
611 2273 708 2339 supra
724 2273 796 2341 pag.
811 2251 887 2338 274)
902 2254 1031 2339 gravius
1043 2267 1154 2319 tonare
1164 2271 1195 2320 et
1208 2260 1311 2345 magis

245 2375 401 2437 heror'cum
417 2371 619 2459 pronuntiat.
641 2369 749 2450 Quam
765 2370 948 2434 versionem
962 2395 1065 2459 quum
1078 2375 1162 2461 typis
1178 2377 1311 2439 manda·

245 2513 372 2572 remus,
388 2511 424 2553 ac
447 2511 508 2576 pro
533 2504 644 2551 nostra
663 2485 831 2576 diligentia
853 2509 928 2551 cum
951 2512 1055 2578 graeco
1080 2506 1172 2556 textu
1194 2493 1308 2560 sedulo

245 2608 487 2688 conferremus,
505 2621 570 2668 tam
589 2603 778 2668 mendosam
795 2607 993 2694 reperimus,
1022 2624 1060 2671 ut
1080 2608 1238 2699 integram
1261 2634 1308 2676 re-

247 2728 369 2817 fingere
385 2725 512 2788 animus
531 2723 726 2805 sollicitaret,
742 2723 802 2786 nisi
818 2741 948 2812 urgeret
959 2741 1099 2813 tempus,
1111 2750 1307 2818 omnemque

248 2867 373 2912 moram
392 2844 476 2907 circa
497 2839 701 2906 secundarius
724 2857 829 2929 partes
848 2859 1010 2907 recusaret
1032 2847 1136 2934 operis
1155 2849 1307 2936 praecipui

248 2968 340 3048 ratio,
358 2960 515 3053 propositi
536 2959 633 3042 fides,
659 2983 696 3023 ac
712 2959 862 3048 promissi
879 2964 1068 3028 constantia.
1087 2964 1181 3030 Plura
1198 2983 1306 3032 tamen

244 3091 335 3168 loca,
355 3103 427 3170 quae
450 3079 499 3143 vel
517 3079 661 3158 nullum,
678 3078 729 3140 vel
752 3077 930 3140 absurdum
955 3103 1106 3168 prorsus,
1124 3084 1307 3152 efficiebant

246 3225 388 3283 sensum,
405 3199 511 3264 obiter
527 3195 778 3277 emendavimus,
795 3195 900 3261 donec
915 3219 932 3260 e
949 3198 1092 3264 studiosa
1106 3203 1306 3270 literatorum

248 3341 344 3416 gente
358 3318 472 3406 aliquis
487 3316 620 3390 oriatur,
636 3313 693 3401 qui
710 3313 857 3402 Orphea,
871 3317 937 3381 sive
948 3319 1110 3399 Latinum,
1123 3325 1190 3388 sive
1209 3325 1306 3390 Galli·
1337 3321 1339 3324 ’

245 3466 332 3523 cum,
342 3439 478 3527 dignum
488 3434 599 3499 saltem
613 3432 724 3496 Graeco
738 3449 817 3498 tunc
829 3433 961 3504 demum
976 3438 1075 3505 literis
1086 3445 1236 3530 proferat.
1244 3447 1305 3512 En.
