2994 4702
568 397 939 466 ARGONAUTICA.
1224 401 1284 494 39¹

259 533 340 617 Quae
355 534 459 614 volat,
477 550 509 596 et
523 533 642 621 Minyis
659 555 694 597 se
710 534 808 597 tristis
826 533 965 598 Erodios
980 533 1096 614 infert,

257 649 314 712 Illa
333 648 453 712 dehinc
470 647 527 712 alis
544 646 627 712 circa
647 647 761 714 ultima
779 671 853 712 saxa
869 649 977 712 levatis

257 765 399 848 Circuit3
416 780 464 829 ast
481 778 588 853 petras
605 787 769 830 concursu
785 781 920 830 mutuus
934 764 1071 828 horrens
1249 785 1288 834 ⁶90

257 879 403 968 Impetus
422 878 532 956 allisit,
549 878 689 944 volucris
707 901 781 968 pars
795 878 909 944 ultima
925 876 1034 942 caudae

258 993 374 1057 Attrita
390 1009 455 1076 est,
472 993 657 1081 Minyoeque
672 993 759 1058 illam
778 993 973 1088 clamoribus
990 1010 1120 1082 urgent.

257 1107 380 1196 Tiphys
399 1108 457 1172 ubi
475 1107 575 1172 exitio
593 1107 759 1172 volucrem
774 1107 840 1188 jam
854 1106 935 1172 vidit
948 1107 1152 1196 ademptam,

258 1227 321 1290 Dat
338 1228 468 1316 signum
484 1225 589 1290 tacitis
607 1224 762 1290 heroibus
777 1249 785 1288 ε
800 1225 891 1289 ocius
908 1246 1022 1288 ornnes

256 1341 392 1406 Accensi
410 1339 528 1406 fluctus
546 1341 612 1405 acri
625 1358 696 1404 tum
710 1339 832 1428 remige
847 1340 986 1428 pulsant.
1247 1359 1286 1408 ⁶9⁵

256 1459 316 1521 Ast
332 1479 392 1545 ego
406 1454 522 1520 divinis
539 1456 682 1545 ingentia
698 1479 771 1520 saxa
790 1455 951 1520 Camoenis

256 1571 458 1654 Mulcebam,
475 1571 583 1637 subita
596 1571 650 1636 illa
668 1571 783 1659 procul
799 1568 948 1634 secedere
963 1570 1039 1634 visa.

256 1687 351 1751 ‘func
366 1685 573 1754 exundarunt
587 1685 723 1769 fluctus,
737 1686 927 1775 sublataque
941 1701 1054 1750 nostro

256 1801 405 1866 Carmine
421 1816 501 1866 tunc
513 1804 601 1890 Argo
617 1801 698 1865 vasti
715 1801 791 1866 tulit
806 1801 946 1888 aequoris
961 1799 1061 1864 unda.

227 1955 232 1964 ·
300 1915 387 2004 Ergo
404 1915 462 1980 ubi
475 1915 540 1995 Jarn
559 1932 756 2005 transgressa
775 1914 848 1980 freti
864 1915 927 1978 fuit
943 1936 1000 1978 ora
1018 1914 1177 1980 tremendi
1244 1950 1282 1988 700

257 2029 464 2118 Cyaneasque
476 2027 568 2120 'Argo
586 2045 711 2119 petras,
725 2051 759 2093 se
772 2028 922 2118 protinus
935 2049 1018 2119 aegre

257 2143 305 2207 Ex
320 2143 387 2209 imo
401 2145 530 2210 stabiles
546 2160 729 2209 monstrant
744 2167 843 2232 super
859 2165 990 2232 aequora
1006 2142 1127 2208 fundo:

256 2255 307 2322 Sic
322 2279 463 2346 namque
479 2282 498 2324 e
514 2259 625 2324 tetrica
640 2259 813 2324 Parcarum
822 2257 901 2346 dege
915 2257 1059 2336 jubetur.
1109 2238 1113 2256 ⁸

254 2372 348 2444 Tunc
365 2371 464 2460 igitur
478 2372 558 2437 letbi
575 2373 687 2436 sanun,
697 2372 823 2436 exitiale
838 2371 1006 2451 timentes,

254 2487 411 2550 Caeruleas
426 2488 569 2576 petimus
584 2488 732 2552 Rhebani
750 2485 893 2552 fluminis
911 2479 1026 2550 undas.
1243 2505 1280 2557 ,ος

255 2601 339 2667 Hinc
353 2603 469 2690 procul
485 2603 518 2668 in
535 2604 668 2692 longum
686 2619 794 2667 tractae
806 2599 995 2690 ibyneidos
1009 2625 1083 2668 arva

254 2697 425 2780 Temenus
442 2717 570 2806 {reguis
583 2715 700 2782 fluvius
717 2717 792 2781 aaa
807 2714 943 2780 hamran
959 2717 1047 2805 ripn.

255 2830 427 2920 Sangarius
443 2831 532 2896 subit
546 2831 623 2894 binc
639 2830 759 2895 Euxini
774 2831 868 2894 litora
883 2831 1025 2918 pulsans.
1064 2891 1067 2898 .

255 2945 313 3007 Ast
329 2942 373 3006 ibi
391 2944 526 3033 remigio
544 2943 644 3026 adjuti
663 2943 871 3008 consedimus
889 2966 961 3008 oras

255 3057 398 3140 Vicinus,
410 3059 495 3146 Lyce
514 3081 647 3150 magne,
665 3057 737 3136 tibi,
751 3081 819 3147 quo
836 3060 969 3124 nomine
987 3062 1076 3149 genti
1242 3097 1281 3138 ,ιο

254 3171 413 3261 Imperat,
428 3172 578 3261 amplexu
592 3174 649 3261 qui
664 3195 724 3237 nos
738 3173 772 3236 in
788 3188 872 3236 tecta
886 3173 1008 3260 recepit

254 3288 321 3352 Rex
337 3289 457 3376 Lycus,
472 3304 505 3352 et
516 3287 643 3377 Minyas
659 3287 741 3352 fovit
756 3287 853 3352 simul
867 3287 997 3375 hospite
1014 3311 1142 3372 mensa,

253 3403 326 3492 lpse
340 3403 409 3469 dies
425 3420 603 3493 noctesque
621 3425 718 3469 suurn
737 3419 872 3468 testatus
890 3426 1043 3468 amorem.

226 3607 230 3614 1
253 3517 316 3582 Hic
332 3540 465 3608 quoque
484 3520 583 3584 Parca
599 3519 683 3584 duos
701 3519 788 3583 Orco
809 3517 974 3583 damnavit
991 3520 1118 3609 iniqua,

253 3631 456 3722 Idmonaque
464 3634 666 3723 Ampyciden
678 3683 686 3716 ,
705 3634 893 3722 clarumque
909 3657 967 3725 per
980 3659 1110 3723 aequora
1118 3637 1266 3728 Tiphyn5

254 3744 349 3809 lllum
367 3747 518 3837 equidem
536 3747 642 3813 morbi
658 3748 705 3832 vis
722 3747 914 3835 intempesta
933 3751 1084 3837 peremit,
1241 3775 1280 3825 71⁶

254 3861 312 3924 Ast
327 3885 404 3952 aper
421 3863 538 3928 occidit
555 3863 643 3928 ferus
663 3863 766 3941 bunc;
786 3873 845 3928 n‘os
860 3864 945 3944 justa
963 3866 1102 3953 sepulcri

253 3973 429 4056 Solvimus,
450 3995 482 4042 et
498 4001 591 4056 canas
608 3995 678 4042 tum
693 3977 811 4042 deinde
828 3980 1026 4067 reposcimus
1044 3981 1156 4046 undas.

256 4089 426 4156 Credimus
438 4093 554 4158 Ancaeo
570 4093 726 4182 puppim:
744 4113 818 4156 narn
834 4095 972 4180 quisque
990 4097 1177 4186 magistrum
