3006 4676
194 323 265 390 ‘266
354 322 441 388 1³10
468 321 721 403 lucrosa,
745 319 1115 388 surrnnnanrl

244 451 413 518 Fluctibus
426 465 600 541 angustant
615 471 704 515 sese:
721 450 767 515 sic
779 451 827 516 ire
840 449 957 516 licebit.

161 589 163 595 ·
246 569 277 632 le
295 582 410 656 portus
429 565 487 654 qui
500 564 644 634 divinam
662 563 835 653 Pelopelda
850 579 969 628 terram

245 679 379 770 Dirigit,
396 679 535 756 excelsae
551 679 637 742 ultra
652 679 756 755 Cretae
774 677 897 743 eminet
912 699 994 742 oras.

243 793 393 860 'Pendere
411 795 438 860 si
455 794 490 858 in
508 792 659 860 dextrum
675 793 774 859 libeat
790 794 891 875 latus,
909 792 997 858 unda
1018 808 1170 885 vagantes

244 908 411 992 lncludet,
434 909 633 1000 pelagusque
650 925 780 989 tumens
800 909 951 977 innabilis
966 907 1074 996 undae.
1231 931 1271 974 σω

245 1022 386 1109 Quodsi
402 1024 475 1113 quis
491 1023 619 1089 modice
635 1023 790 1108 declinet,
804 1023 907 1090 limite
923 1039 1013 1088 recto

243 1138 368 1228 Puppis
386 1138 555 1204 inoffensis
571 1138 709 1205 sulcabit
724 1138 840 1218 caerule
855 1137 946 1216 velis.

244 1253 367 1316 Verum
383 1251 483 1342 agite,
501 1251 637 1335 heroes,
660 1253 822 1342 agilesque
838 1251 1021 1320 incumbite
1037 1253 1159 1321 remis:

244 1369 320 1432 Fata
333 1367 437 1451 nam,
459 1383 639 1456 portusque
658 1366 801 1451 dabunt,
820 1369 984 1458 vestrique
1000 1366 1161 1432 labores.=

172 1515 178 1528 ·
286 1483 363 1546 Haec
379 1481 437 1545 ubi
453 1480 538 1550 dicta
554 1481 661 1565 dedit,
676 1483 787 1548 cuncti
802 1484 837 1549 in
854 1505 912 1550 sua
928 1497 1066 1548 menstra
1085 1478 1255 1548 recedunt.

244 1594 389 1660 Pandere
406 1595 473 1660 vela
488 1594 597 1678 juvat,
612 1598 783 1687 tonsisque
800 1598 896 1670 ferire
910 1596 1073 1686 paludem.
1230 1614 1271 1654 σοῦ

243 1709 370 1774 Tritoni
387 1708 554 1799 pecudum
569 1711 743 1780 lectissime
757 1735 895 1802 corpora
909 1727 1047 1795 mactat,

244 1825 287 1889 Et
301 1847 431 1890 carmen
448 1826 593 1892 solemne
609 1849 728 1894 canens
744 1829 878 1895 vittatus
894 1829 1009 1909 lason,

244 1937 386 2002 Numina
400 1954 519 2003 cuncta
534 1939 631 2004 meris
646 1940 798 2028 precibus
815 1956 926 2030 rogat,
946 1955 1045 2029 atque
1061 1940 1105 2004 ite
1120 1937 1227 2003 fatur:

286 2051 391 2116 «Diva
405 2053 515 2141 palus,
532 2075 688 2141 sacraque
702 2051 783 2118 deus
800 2053 857 2140 qui
872 2051 963 2140 degis
977 2050 1012 2114 in
1026 2047 1132 2132 unda,
1233 2064 1273 2104 διο

243 2165 377 2230 Finibus
395 2166 445 2232 his
463 2167 521 2256 qui
536 2182 662 2232 ostenta
679 2167 760 2232 mihi
777 2167 946 2232 manifesta
961 2163 1096 2246 dedisti,

245 2281 319 2346 Sive
336 2295 427 2346 tenes
444 2281 547 2372 pelagi
563 2282 634 2346 loca
644 2282 779 2364 Triton,
801 2281 907 2348 incola
921 2280 1074 2368 Phorcyu

245 2393 311 2458 Seu
327 2409 439 2476 vocet,
456 2411 513 2458 aut
528 2394 632 2484 pelagi
648 2395 812 2461 celebrant
828 2413 861 2460 te
878 2394 983 2460 Nerea
996 2393 1178 2482 Nymphae,

246 2506 295 2570 Sis
309 2505 473 2594 placidus,
484 2506 582 2574 finem
595 2492 757 2592 statuens,
776 2525 961 2598 metamque
977 2507 1116 2572 labori».

287 2620 375 2684 Dixit
385 2637 447 2702 „et
461 2621 495 2684 in
508 2620 633 2704 ‚medias
650 2639 793 2689 mactatae
807 2622 941 2712 porricit
956 2621 1060 2686 undas
1233 2641 1273 2679 ⁶1⁵
1316 2683 1318 2688 .

244 2732 366 2798 Guttur
378 2735 446 2800 ovis
459 2734 579 2806 feriens
593 2737 697 2828 puppi
710 2761 845 2804 securus
859 2737 900 2802 ab
914 2736 988 2803 alta.

241 2848 407 2913 Continuo
424 2865 556 2940 apparet
574 2851 683 2941 magni
698 2874 759 2941 per
773 2853 869 2916 inane
883 2847 1087 2940 profundum

243 2962 373 3055 Effigies
391 2966 574 3035 tenet-anda
591 2965 661 3050 dei,
677 2967 775 3058 longe
790 2989 922 3057 aequora
935 2988 1078 3032 verrens.

244 3076 321 3141 Non
341 3100 434 3143 secus
452 3101 489 3146 ac
507 3081 534 3146 si
552 3078 686 3169 quando
701 3080 798 3146 orbes
814 3103 873 3169 per
886 3079 1001 3170 agonis
1017 3065 1182 3158 ovantem

242 3190 414 3258 Thessalus
431 3195 496 3284 egit
513 3217 654 3283 equum,
673 3193 812 3285 pedibus
826 3217 860 3258 se
879 3193 981 3276 tollit,
1002 3193 1175 3258 honestam
1233 3209 1273 3250 ⁶¹0

243 3307 442 3373 Concutiens
457 3309 581 3374 cervice
594 3309 726 3394 jubam,
742 3309 892 3398 saltuque
908 3309 1033 3374 volucri

242 3418 385 3504 Emicat,
403 3423 597 3511 intorquens
614 3423 737 3490 alterna
756 3424 923 3504 volumina
939 3445 1096 3505 crurum3

243 3532 402 3601 Dictantis
418 3534 543 3601 domiui
562 3553 670 3604 tamen
687 3536 788 3604 ardue
805 3538 1061 3627 jussa‘eapessit.

243 3649 386 3716 Ulterius
400 3649 587 3731 moderator
601 3652 688 3744 agit:
712 3654 759 3718 sic
769 3652 907 3720 Palladis
922 3655 1009 3744 Argo

242 3764 354 3830 Helela
369 3767 546 3858 corripiens
562 3769 693 3852 Triton,
710 3770 762 3834 cui
776 3771 896 3836 vertice
911 3792 1043 3836 summo
1236 3787 1275 3828 ⁶2⁵

243 3879 285 3943 Et
294 3895 514 3970 eaput,atque
521 3883 686 3967 humeros,
698 3885 902 3972 cinctusque,
910 3886 1084 3972 alvumque
1097 3883 1158 3950 sub
1173 3883 1274 3970 ipsam

243 3993 389 4074 Maiestas
408 4011 526 4062 aeterna
540 3998 663 4064 micans
681 3998 729 4064 dis
746 3998 887 4066 reddidit
902 4021 1044 4088 aequum.
