3006 4676
430 363 865 450 ARGONAUTICON,
887 365 978 434 LIB.
1002 369 1043 436 X.
1207 397 1266 462 27¹

248 499 287 562 In
304 513 423 563 terram
439 511 586 579 vertent,
601 517 673 585 quae
688 496 800 561 fertilis
816 497 922 563 insula
934 497 1005 565 liet.

247 615 339 677 Hanc
352 613 489 693 juvenes
508 609 677 699 nostrique
693 611 801 675 colent
815 633 874 700 per
886 613 967 678 secla
979 630 1126 704 nepotes.
1251 683 1255 688 ,

245 727 429 792 Occurrent
448 725 542 790 nobis
562 725 679 790 Triton
695 723 784 790 dedit
798 725 927 815 hospita
942 725 1027 793 dona

244 842 284 905 In
297 841 415 929 Libya,
432 855 464 905 et
479 839 574 904 nobis
593 839 743 929 praesenti
761 841 897 904 numine
913 839 1036 908 fulsit».

288 959 340 1024 Sic
358 959 416 1040 ait,
435 975 469 1023 at
484 979 604 1022 vanum
621 955 786 1022 AEsonidae
803 980 872 1022 non
892 957 1012 1049 cogitat
1028 961 1126 1027 heros
1228 987 1267 1039 ,ω

243 1072 407 1138 Iudicium
423 1072 632 1162 Euphemus:
654 1072 734 1162 quin
751 1071 844 1136 dictis
860 1073 950 1138 laetus
968 1089 1071 1140 etone

243 1185 410 1269 Vaticino,
425 1209 556 1275 parvam
576 1186 731 1251 demersit
750 1188 783 1250 in
801 1209 931 1275 aequora
948 1203 1079 1256 terram.
1156 1197 1161 1210 “

242 1302 368 1368 Euticu
388 1302 441 1366 illa
463 1323 596 1392 repens,
617 1303 786 1394 surgitque
807 1302 910 1368 levata
931 1302 1108 1390 profundo.

242 1417 286 1480 At
305 1415 403 1504 primi
420 1416 535 1482 Lemni
553 1415 717 1482 Sintiados
734 1432 809 1481 ante
829 1415 938 1481 coloni

243 1531 335 1596 lllinc
350 1531 474 1621 expulsi
488 1531 698 1620 Tyrrhenum
712 1529 854 1596 fortibus
870 1531 986 1616 armis,
1226 1551 1263 1603 ,σε

242 1645 328 1710 Tum
341 1646 476 1735 Sparten
492 1646 623 1712 coluere
637 1646 762 1735 ipsam,
780 1669 878 1734 quam
894 1646 1042 1735 linquere
1057 1645 1187 1712 adactos

240 1759 469 1826 Autesionides
483 1781 580 1824 ausus
595 1758 765 1824 traducere
776 1760 898 1824 Theras
991 1805 997 1812 ·

239 1870 279 1934 ln
296 1887 414 1936 terram
430 1871 534 1962 pelagi
553 1873 724 1956 callisten,
742 1872 876 1938 nomina
891 1873 965 1937 luce

241 1985 290 2049 Ex
308 1985 362 2051 illa
379 1986 519 2076 sumpsit
539 1986 663 2069 There,
685 2001 760 2075 post
778 1986 893 2051 funera
915 1987 1009 2068 cujus

240 2097 401 2188 Euphemi
421 2099 504 2164 facta
524 2116 573 2164 est
591 2098 662 2165 haec
683 2099 788 2164 insula
809 2113 878 2164 tota
897 2098 1038 2188 superbi.
1224 2134 1263 2175 uo

286 2211 368 2278 Inde
385 2214 605 2302 relinquentes
623 2213 719 2278 celeri
739 2213 820 2278 freta
840 2212 971 2278 turbida
990 2235 1104 2296 cursu,

239 2327 347 2392 Litora
365 2351 463 2394 curva
481 2329 595 2420 legunt
609 2329 735 2419 AEginae
753 2325 933 2417 Asopidos,
954 2325 1019 2394 illic

240 2438 309 2504 Lite
325 2441 386 2504 riri
403 2457 524 2506 certare
540 2457 654 2531 parant
669 2457 743 2506 uter
757 2441 884 2506 hauriat
899 2439 1013 2508 undas.

240 2555 385 2646 Cogebat
400 2554 490 2622 duris
507 2557 645 2646 populos
663 2556 698 2620 in
715 2556 813 2621 rebus
829 2571 963 2646 egestas.

238 2668 484 2757 Myrmidonum
504 2671 599 2760 pueri
617 2693 776 2736 memores
793 2669 978 2734 certaminis
996 2671 1059 2735 acti
1221 2693 1261 2747 „s

239 2783 267 2848 A
280 2785 424 2873 proavis,
442 2802 581 2851 currunt
594 2785 686 2849 celeri
701 2806 760 2873 per
770 2783 865 2847 litora
877 2783 1002 2873 planta,

239 2897 412 2990 'l'urbaque
426 2923 515 2967 nunc
528 2900 626 2989 prisci
639 2899 811 2965 contendit
826 2899 966 2991 imagine
981 2898 1069 2981 ludi,

240 3013 391 3098 Quorum
400 3013 554 3098 humeros
561 3013 664 3103 gravis
673 3012 760 3078 unda
770 3012 1031 3102 premit,premit
1039 3029 1072 3078 et
1079 3013 1178 3081 cadus
1185 3016 1309 3107 ingens.

282 3333 439 3418 Gennaes
451 3350 590 3416 heroum
603 3350 679 3415 felix
695 3373 814 3440 genus,
832 3350 931 3438 impia
945 3349 1076 3438 quando
1122 3423 1125 3429 ,

238 3467 294 3532 Vis
311 3465 427 3548 meris,
446 3481 479 3530 et
498 3463 619 3530 crebris
637 3463 810 3530 cessabunt
828 3463 927 3529 llabra
942 3465 1101 3555 procellis.

237 3579 386 3664 Laetiuae,
402 3593 581 3666 cantusque
594 3575 752 3643 aderunt:
773 3599 850 3642 mox
865 3577 993 3666 pectine
1011 3577 1124 3644 Phoebi

236 3693 373 3759 Dulcior
389 3691 512 3757 attollet
526 3705 648 3755 vestros
668 3711 766 3778 super
782 3705 865 3756 astra
880 3691 1021 3773 labores,

238 3809 412 3872 Annorum
430 3827 586 3895 superans
603 3803 764 3870 volventia
786 3805 893 3870 secula
913 3805 995 3870 Clio.

236 3923 361 3986 Rursus
373 3920 414 3985 ab
426 3919 544 4009 AEgina
557 3917 770 3984 redeuntibus
783 3939 894 4006 aspera
909 3917 992 3983 bella

237 4035 334 4101 Nulla
352 4051 453 4101 ratem
467 4055 615 4123 pressura
630 4048 779 4114 manent,
797 4053 857 4096 nec
873 4030 1012 4098 turbinis
1028 4034 1088 4098 atri
