3006 4676
414 413 540 486 Novi
573 419 824 486 EDlTOltlS
856 415 1015 484 NOTAE.
1184 415 1246 478 213

216 544 252 594 V.
263 541 362 612 7578.
377 547 410 592 Te
423 563 532 611 quoque,
550 543 666 608 rtrysee
683 543 783 610 petridis
796 543 917 611 fidissime
933 555 1028 599 custos,
1050 548 1098 592 eto.
1151 538 1250 590 Confer

174 631 237 683 trec
254 630 353 684 Medeat
368 630 403 684 ad
421 629 563 684 baconem
583 631 679 694 rerba,
696 647 757 684 oum
778 628 897 681 oratione
918 628 1009 682 Somni
1024 626 1059 680 ad
1078 627 1248 692 Palinurum,

181 718 241 768 AEn.
253 714 290 779 V,
300 715 371 780 844:
811 775 815 784 .

326 830 630 845 ....................
644 797 713 843 datur
725 797 782 844 bora
793 796 866 858 quieti
877 814 882 840 :

321 875 385 919 Pone
394 881 479 935 capnt,
495 872 615 934 fessoque
625 873 707 920 oeulos
719 872 798 919 furare
809 872 901 918 labori:

320 948 373 1009 lpse
383 962 429 1008 ego
439 947 558 1009 paulisper
568 961 613 1010 pro
625 955 647 994 te
659 956 699 992 tua
712 961 812 993 munem
824 945 897 992 inibo.

217 1070 252 1123 V.
266 1071 298 1123 81
304 1107 455 1124 .........
474 1089 505 1121 ac
511 1073 721 1138 prirnipercussus
733 1073 797 1120 nube
808 1071 901 1136 soporis

306 1157 420 1216 Horruit,
429 1169 454 1205 et
466 1157 547 1206 dulces
557 1157 663 1206 excussit
672 1157 705 1205 ab
715 1157 804 1205 arbore
816 1171 921 1204 soranos.

189 1290 200 1311 ι
209 1263 280 1317 lVrhil
293 1263 337 1318 bic
350 1263 525 1328 mutandum,
539 1263 627 1336 inquit
637 1263 801 1334 Wagnerus.
815 1266 910 1314 Nartem
922 1263 1024 1331 soporis,
1036 1270 1128 1330 preter
1137 1258 1250 1313 Statium

182 1345 268 1400 lbeb.
278 1347 314 1410 X,
327 1345 557 1410 285,etschi11.1,
571 1346 658 1410 250‚a
669 1347 823 1400 Burmanno
836 1343 982 1408 laudatum,
993 1343 1074 1396 habet
1082 1341 1162 1396 etiam
1174 1343 1252 1397 Clau·

184 1431 290 1495 dianus,
299 1429 334 1483 de
342 1443 420 1502 raptu
431 1431 554 1502 Proserp.
563 1431 584 1492 Ι,
599 1433 645 1494 81,
653 1441 679 1482 et
690 1429 724 1482 de
737 1429 816 1482 laude
823 1427 926 1484 Stilich.
937 1429 961 1494 1,
973 1427 1035 1494 309,
1043 1425 1089 1478 ubi
1098 1425 1249 1480 Gesnerns:

171 1511 363 1586 ¹·=llletaphone
375 1514 438 1568 huic
447 1526 473 1568 et
481 1513 623 1585 phantasia
641 1523 780 1585 poetarum
794 1511 960 1565 occasionem
977 1510 1051 1566 dedit
1064 1511 1189 1582 magistra
1205 1529 1252 1564 na-

183 1608 252 1650 tura.
273 1597 428 1652 Turbantnr
447 1608 473 1651 et
490 1597 561 1650 velut
581 1597 652 1650 nube
670 1595 786 1668 quadam
811 1597 988 1650 obscurantur
1011 1593 1252 1648 donniturientium

183 1680 283 1733 oculi».
306 1681 361 1734 Nec
371 1701 512 1749 percussas,
529 1679 655 1734 suadente
668 1679 790 1744 Heinsio,
802 1679 829 1732 in
841 1681 967 1749 pefisus,
984 1677 1027 1733 vel
1036 1697 1097 1731 cum
1107 1677 1257 1733 Wakefiel-

184 1761 247 1828 dio,
261 1766 384 1819 Deiectus
405 1765 514 1838 tragmd.
526 1784 551 1836 p.
567 1767 629 1833 371,
648 1764 675 1816 in
693 1767 819 1831 perculsus
839 1775 943 1828 mutes3
958 1775 997 1816 est
1013 1765 1100 1829 enim,
1122 1761 1195 1835 quod
1210 1781 1254 1814 nae

184 1843 274 1900 docuit
296 1849 334 1900 ill.
347 1847 466 1920 Heynius
487 1846 522 1901 ad
541 1847 639 1901 Tibull.
657 1847 683 1913 1,
702 1867 727 1913 a,
743 1847 771 1913 3,
792 1865 823 1900 ex
840 1845 961 1918 Orpheo,
975 1848 1075 1918 Argon.
1090 1847 1124 1900 36
1144 1859 1170 1900 et
1185 1848 1271 1920 blo:¹

183 1934 290 2001 γλυκερῷ
305 1928 466 2000 βιὸολημίνος
477 1930 556 2001 ὕπνῳ.
568 1959 603 1968 -
612 1932 646 1978 Et
659 1930 742 1978 dulces
755 1929 861 1979 excussit
873 1931 905 1978 ab
916 1932 1005 1980 urbere
1017 1947 1125 1980 somnos.
1139 1926 1255 1981 Facilius

183 2022 251 2064 esset
270 2031 387 2080 corpore,
405 2011 446 2064 vel
459 2026 573 2080 pectore,
584 2009 658 2082 quod
678 2009 761 2064 voluit
781 2009 922 2074 Heinsius,
935 2009 982 2064 sed
1002 2011 1140 2082 vulgatum
1157 2005 1256 2064 serrari

183 2106 284 2164 potest,
295 2094 317 2148 si
327 2095 363 2148 ita
376 2113 505 2166 exponas:
519 2111 643 2147 somnum
656 2093 830 2146 incessentem
845 2094 879 2146 ab
893 2093 977 2146 oculis
991 2092 1134 2170 defendere
1146 2104 1255 2146 conatus

185 2191 225 2232 est
235 2197 283 2245 eo,
294 2191 324 2232 ut
337 2197 433 2251 corpus
446 2191 577 2244 moveret,
589 2189 615 2231 et
628 2179 663 2232 ab
675 2178 771 2230 arbore
782 2177 809 2230 in
824 2189 920 2232 terram
932 2193 1063 2250 serperet,
1075 2196 1134 2250 qua
1144 2176 1257 2250 explica·

185 2262 224 2314 tio
233 2261 363 2328 firmatur,
373 2282 398 2315 a.
413 2263 446 2330 93
458 2265 561 2332 (tami)
581 2273 607 2314 et
620 2279 681 2324 tro,
694 2260 741 2314 ubi
751 2259 894 2316 draconem
904 2261 979 2315 humi
987 2264 1119 2335 jacentem
1129 2259 1256 2315 scandere

184 2348 308 2402 Jasonem
321 2347 395 2419 jubet
405 2345 506 2400 Medea.
521 2371 532 2393 ι

220 2431 412 2485 prohibebatur
431 2432 544 2486 Somnus
567 2431 601 2482 ab
628 2429 702 2483 aditu
716 2433 833 2490 'eruaris¹
856 2431 897 2484 vel
920 2432 1008 2501 potius
1030 2435 1146 2482 &aconti
1167 2430 1255 2484 arbori

185 2513 351 2588 advigilantia
363 2515 429 2570 :sed
441 2515 515 2589 prior
529 2514 630 2567 locutio
649 2512 730 2584 magis
744 2515 847 2584 poetica
862 2526 914 2580 ests
934 2514 1017 2587 idque
1036 2515 1115 2569 debet
1131 2515 1255 2568 Valerius

186 2599 296 2654 Heinsio
305 2599 414 2672 frigidas
423 2598 621 2654 emendationes
629 2597 789 2669 opponenti,
806 2609 835 2650 nt
847 2599 944 2668 gratior
958 2599 1013 2670 ipse
1023 2598 1257 2654 videmusne

186 2701 219 2736 an
227 2683 300 2736 bunc
308 2683 413 2755 Virgilii
422 2684 512 2737 locum
521 2679 678 2756 respexerit,
689 2682 750 2732 AEn.
762 2679 814 2744 VI,
825 2682 892 2735 283:

324 2793 406 2839 Ulmus
417 2808 504 2854 opaca,
517 2795 615 2856 ingens,
630 2809 699 2854 quam
710 2793 788 2840 sedern
799 2793 895 2840 Somnia
905 2793 977 2853 vulgo

325 2869 392 2914 Vana
401 2876 480 2914 tenere
490 2867 582 2921 lerunt,
595 2867 704 2929 foliisque
713 2869 758 2915 snb
765 2867 875 2913 omnibus
885 2869 980 2913 herent.

187 2969 254 3023 Mihi
264 2983 335 3024 certe
343 2972 434 3025 videor
445 2970 535 3025 videre
545 2972 655 3025 Somnos
664 2990 677 3024 a
688 2969 782 3024 Medea
791 2971 937 3037 immissos,
948 2970 1049 3024 arboris
1061 2970 1200 3024 frondibus
1206 2972 1257 3024 bae·

187 3065 289 3118 rentes,
300 3073 367 3127 quos
377 3054 440 3126 vigil
452 3066 575 3108 excutere
586 3065 670 3108 tentat
681 3053 777 3121 draco,
790 3073 823 3108 ne
832 3055 865 3106 ab
876 3054 971 3106 arbore
983 3052 1017 3106 ad
1032 3073 1060 3106 se
1072 3053 1209 3126 obrepant.

223 3185 259 3240 V.
270 3187 313 3250 34.
327 3191 467 3256 Cunatuque
478 3191 568 3240 Letloei
580 3207 698 3257 quassare
706 3191 804 3240 siknn'u
814 3191 879 3237 rami

331 3277 435 3325 Perstat.

189 3397 201 3420 ·
212 3373 248 3425 Et
261 3371 331 3438 bec,
344 3371 381 3426 ait
393 3372 563 3444 Wagnerns,
580 3393 634 3428 non
652 3393 703 3426 una
718 3373 879 3427 obscuritate
891 3373 1019 3426 laborant.
1038 3375 1131 3424 Cuncta
1144 3375 1256 3432 abacia,

189 3457 251 3514 satis
264 3455 389 3510 audacter
399 3475 453 3528 vpro
469 3456 544 3510 omni
558 3456 641 3511 noctis
655 3456 780 3525 horrore,
792 3456 867 3510 omni
881 3458 906 3509 ri
924 3457 1068 3530 soporifera
1085 3472 1144 3527 qua
1158 3459 1256 3508 Letioeo

189 3559 260 3592 ramo
272 3540 358 3602 inest;
379 3539 450 3594 hunc
456 3544 567 3612 juniperi
575 3542 657 3596 luisse
669 3541 749 3595 tradit
759 3543 883 3615 Apollon.
898 3543 949 3606 IV,
965 3545 1027 3604 156,
1040 3541 1084 3594 cui
1097 3541 1188 3595 arbori
1197 3559 1257 3613 gra-

189 3643 264 3691 vem,
279 3623 298 3676 i.
317 3643 340 3677 e.
358 3625 527 3678 somniferam
545 3626 599 3679 vim
617 3626 708 3680 tribuit
723 3626 802 3679 etiam
811 3627 905 3698 virgil.
919 3627 974 3680 Fet.
989 3627 1026 3691 X,
1039 3629 1083 3695 76.
1095 3657 1130 3666 -
1138 3626 1255 3678 Omnino

188 3704 254 3759 dnm
265 3705 324 3761 beo
339 3707 462 3761 scriberet
477 3721 569 3780 poeta,
579 3710 614 3762 ob
625 3709 718 3762 oculos
729 3710 923 3783 babuitVirgil.
935 3714 996 3763 AEn.
1006 3711 1044 3773 V,
1052 3709 1183 3773 stt-sto:

328 3817 388 3864 acce
402 3817 458 3864 deus
469 3834 559 3866 ramum
572 3819 664 3866 letheo
675 3833 729 3866 rore
738 3819 882 3872 madentem.

328 3891 405 3954 vique
415 3905 551 3955 soporatum
563 3894 652 3957 Stygia,
665 3909 735 3955 super
744 3904 845 3955 utraque
853 3903 947 3954 quassat

329 3969 443 4029 Tempora
451 3987 457 4022 ς
465 3969 632 4031 cunctantique
642 3969 745 4016 natantia
756 3969 844 4014 lomina
856 3967 932 4014 solvit.

189 4068 309 4120 Venusta
321 4065 382 4120 lisso
399 4068 487 4122 omnia
504 4081 529 4123 et
543 4069 697 4141 perspicua,
711 4087 784 4139 quar,
802 4067 867 4120 dum
878 4065 1015 4138 pulchrius
1026 4083 1099 4118 more
1111 4065 1256 4118 astutiarum

189 4151 286 4205 ellerre
295 4149 386 4216 vellet,
398 4151 547 4207 obscuravit
557 4152 687 4206 Valerius.
696 4177 708 4196 a
