3006 4676
253 344 314 408 2228
382 341 489 406 rm
519 340 769 421 auoronn,
793 301 1175 408 surrentinum

294 475 509 560 Fortunaeque
530 472 649 536 instare
666 487 772 559 parat,
790 472 969 562 divumque
985 473 1098 540 favori.

294 591 335 651 At
353 586 467 650 Colchi
481 585 627 674 quamvis
643 586 739 648 armis
759 603 791 649 et
807 586 908 651 milite
922 603 1077 675 praestent

293 689 495 782 innumero,
515 716 671 764 armatam
689 700 810 787 pubem
834 717 943 764 tamen
963 725 1070 790 usque
1090 701 1253 766 reducunt

292 817 331 879 In
347 817 418 880 loca
432 831 501 879 tuta
519 816 633 897 maris,
648 815 717 878 viso
730 837 789 904 per
802 832 941 882 transtra
959 817 1069 882 furore

294 931 398 1020 Ignis,
417 947 450 994 et
462 929 596 994 adverso
613 931 732 1019 Minyis
749 953 946 1022 consurgere
959 931 1064 996 bello:
1171 930 1175 942 '

291 1049 433 1112 Vulnere
449 1045 587 1136 perculsi
601 1047 750 1135 gemino,
761 1047 885 1127 jactura
904 1047 1061 1135 ducisque

291 1159 458 1225 Terrificat
474 1176 615 1242 mentes,
631 1176 663 1224 et
681 1161 798 1226 acerbo
814 1163 961 1226 concutit
977 1179 1068 1226 aestn.

291 1276 416 1338 Emicat
432 1273 603 1338 AEsonides
619 1274 752 1338 inimica
771 1276 926 1363 corymba
941 1275 1115 1356 revellens,

289 1393 472 1478 Rostraque
490 1389 692 1480 perfringens
712 1391 828 1479 Argois
845 1391 959 1456 aemula
974 1391 1102 1470 rostris,

289 1506 357 1571 Nec
373 1506 481 1568 minus
505 1521 538 1567 et
555 1505 691 1568 laterum
721 1505 846 1570 tabulas
863 1506 1045 1595 perrumpit
1063 1506 1190 1570 inertes.

292 1623 323 1685 N
325 1623 476 1684 on'secus
492 1618 526 1682 in
547 1620 659 1682 molles
677 1619 789 1708 pernix
808 1620 834 1684 si
855 1622 938 1683 sorte
956 1620 1122 1706 columbas

291 1734 408 1799 incidit
422 1733 588 1822 accipiter,
608 1732 693 1796 cadit
712 1733 781 1797 haec
799 1734 915 1798 laniata
931 1735 1073 1799 cruentis

289 1849 480 1940 Unguibus,
505 1849 557 1911 illa
574 1870 673 1911 ruens
688 1850 847 1937 resupino
863 1867 995 1937 pectore
1013 1865 1155 1913 rostrum
1178 1924 1181 1930 Ι

289 1967 449 2053 Experta,
465 1963 588 2026 alarum
605 1962 692 2026 cadit
710 1963 866 2052 exagitata
884 1963 1027 2054 fragore,

289 2083 354 2144 Aut
370 2079 489 2168 plumis
506 2078 628 2142 nudata
646 2078 712 2141 suis
729 2101 736 2142 :
754 2079 799 2142 sic
817 2076 952 2143 fluctuat
968 2102 1102 2168 agmen,

287 2197 330 2258 Et
346 2194 434 2282 turpi
452 2192 507 2257 dat
522 2209 612 2282 terga
630 2192 735 2282 fugae3
763 2193 910 2258 subsistit
925 2195 1018 2256 lason

287 2311 471 2372 Contentus
487 2308 599 2372 vicisse
620 2309 705 2372 ieros
725 2309 794 2370 sine
812 2309 973 2396 sanguine
991 2308 1140 2374 Colchos.

332 2423 396 2487 Olli
415 2422 580 2487 fortunam
600 2421 786 2504 adversam,
809 2423 961 2512 regisque
985 2423 1118 2512 superbi

287 2539 443 2602 Invictum
466 2537 618 2625 precibus
637 2552 800 2618 mentem,
823 2535 1037 2625 praeduraque
1053 2539 1150 2605 corda

286 2653 404 2735 AEetae,
424 2668 566 2740 natoque
582 2674 680 2739 super
696 2653 778 2715 mala
794 2667 884 2715 tanta
902 2671 1092 2741 perempto,
1111 2733 1114 2738 1

286 2769 460 2834 Volrentes
478 2769 609 2852 animo,
628 2784 778 2833 statuunt
794 2768 1013 2834 concordibus
1032 2771 1122 2834 urnis

174 2954 181 2964 ,
286 2887 325 2950 lu
341 2884 430 2950 mare
445 2907 523 2948 mox
541 2883 702 2950 Cronium
718 2885 837 2950 festino
854 2883 981 2949 flectere
1000 2908 1100 2950 remo.

285 3001 436 3065 Fulmina
453 2997 510 3064 sed
527 2999 658 3064 vibrans
674 2999 830 3087 prohibet
845 3001 994 3064 Saturnia
1010 3001 1107 3066 luno·

285 3116 454 3180 Postremo
470 3137 593 3196 mores,
609 3113 798 3201 rabiemque
820 3114 969 3202 Cytaeidis
986 3139 1069 3198 orae,

284 3230 508 3317 Barbaricique
524 3225 586 3293 iras
605 3229 688 3316 regis
706 3227 873 3316 furiasque
888 3231 1014 3317 perosi,

286 3349 322 3409 ln
340 3346 444 3409 varios
460 3343 566 3407 abiere
582 3344 690 3426 locos,
710 3343 872 3408 cunabula
889 3346 995 3434 gentis

284 3459 391 3523 Prima
407 3460 516 3522 futura
535 3481 621 3523 suae:
638 3457 672 3520 hi
690 3481 754 3545 qua
770 3481 840 3523 sese
858 3459 987 3548 hospita
1006 3459 1114 3524 fundit

283 3576 408 3656 Insula,
425 3573 484 3636 ubi
502 3571 633 3662 Absyrti
652 3574 848 3660 cognomine
865 3591 951 3638 terra
966 3591 1111 3656 vocatur,

283 3695 383 3755 Terra
401 3691 491 3756 ‹lucis
508 3690 589 3779 grati
607 3707 820 3756 monumenta
838 3693 992 3778 perennia
1006 3714 1154 3755 servans:

283 3814 339 3871 Ast
355 3806 406 3869 alii
423 3807 505 3869 latus
524 3805 707 3892 Illyricum,
725 3805 938 3893 Cadmaeaque
952 3807 1041 3885 juxta

283 3905 435 3986 Culmina
452 3921 644 3985 substructae
663 3945 734 4009 quae
751 3923 856 4016 surgit
871 3921 905 3984 in
922 3921 1039 3986 aetlrera
1058 3923 1173 4004 turris,
1271 3919 1279 3940 ⁸

281 4037 511 4124 Enclteliisque
529 4037 605 4100 viris
619 4037 723 4118 juncti
740 4039 847 4101 vixere
863 4037 971 4101 coloni
