3006 4676
195 377 259 444 270
346 307 1111 426 rro‘lnoronnsnrrnunnnm

279 486 388 552 Insula'
402 483 477 548 dein
490 483 640 570 Anaphe,
658 481 795 570 longum
807 497 856 546 est
872 497 1050 548 memorata
1065 503 1123 573 per
1138 460 1262 548 rerum:

235 602 344 668 Litore
362 599 491 665 deserto
504 597 624 686 Minyae
645 617 749 685 quum
768 619 855 660 sacre
869 611 1037 684 pararent,
1225 617 1263 672 με
1284 605 1289 615 “

208 711 215 720 '
238 713 409 802 Stipitibus
425 711 572 800 lymphas
586 709 775 775 ardentibus
792 709 983 791 injecerunt.

236 811 365 894 Medeae
376 825 532 892 adstantis
547 825 676 890 famulae
692 822 875 890 Phaeacides
893 825 958 890 alto

236 943 372 1007 Pectore
389 963 456 1005 non
477 935 628 1028 poterant
645 939 754 1004 laetrmr
775 950 981 1028 compescere
997 940 1118 1022 risum,

238 1059 336 1148 Orgia
352 1054 486 1121 sacrifici
499 1057 602 1121 solitae
613 1055 734 1136 majora
750 1054 860 1120 videre

168 1151 172 1176 '
236 1170 542 1259 Alein0i‚ditesque
556 1169 777 1236 hermelinis
791 1170 945 1235 honores.
1221 1187 1261 1242 ‚20

237 1286 302 1350 Has
315 1285 473 1365 juvenum
490 1299 633 1349 aversato
649 1283 785 1367 cohors,
803 1283 952 1349 convicio
968 1283 1086 1366 jactat,

236 1397 402 1485 ‘Turpibus
416 1399 581 1462 incessens
594 1395 701 1461 verbis
718 1395 885 1479 deturbat,
901 1412 935 1461 et
950 1413 1047 1463 arcet.

237 1511 285 1575 Ex
307 1511 362 1575 illo
383 1510 542 1575 muliebre
561 1503 664 1600 genus
682 1509 881 1575 contendere
901 1511 1007 1575 suevit

237 1626 349 1714 Usque
365 1625 458 1708 viris,
476 1624 638 1689 Phoebum
656 1646 715 1713 per
731 1638 847 1689 mutua
864 1625 1002 1689 crimina
1020 1625 1162 1714 placans.

282 1741 463 1804 Humentes
482 1738 615 1828 quando
632 1739 711 1810 hinc
728 1740 848 1832 Minyae
869 1736 993 1804 solvere
1013 1738 1186 1824 rudentes,
1222 1761 1262 1816 7³⁵

238 1855 324 1919 Tum
341 1873 468 1919 mernor
478 1854 668 1942 Euphemes
685 1856 838 1920 nocturni
855 1877 938 1944 saepe
956 1856 1102 1945 soporis,

236 1972 265 2035 Α
282 1969 366 2036 Maia
381 1969 482 2059 geniti
497 1985 670 2064 veneretur
687 1970 823 2035 numina
842 1967 928 2052 divi,

238 2085 280 2149 Et
295 2085 432 2149 memori
448 2084 606 2149 attonitus
619 2105 699 2174 rega
715 2084 840 2150 somnia
855 2082 954 2150 corde
965 2085 1106 2150 vohrtat:

237 2199 388 2290 Namque
401 2198 573 2264 videbatur
585 2195 686 2288 glebae
700 2197 916 2262 condentibus
932 2199 1018 2264 ulnis

237 2313 417 2405 Conjungi,
432 2329 466 2377 et
480 2312 580 2376 veluti
597 2325 745 2377 materno
760 2313 842 2376 lacte
860 2312 972 2377 foveri.
1222 2339 1260 2388 740

237 2428 380 2497 Mamma
395 2426 544 2516 puellaris
555 2423 622 2489 visa
635 2440 699 2508 est,
720 2427 755 2488 in
773 2425 897 2514 virgine
915 2427 1019 2514 qualis

237 2545 317 2608 Esse
331 2542 413 2606 solet
426 2557 552 2621 tenera3
570 2555 684 2604 moesto
698 2538 756 2604 sed
769 2555 883 2628 captus
895 2561 1007 2606 amore

236 2657 426 2747 Euphemus
442 2652 529 2719 dulci
546 2653 722 2718 verborum
739 2673 908 2719 murmure
926 2656 1037 2746 gestit,

238 2772 316 2838 Non
335 2791 428 2834 secus
444 2791 482 2834 ac
492 2765 660 2833 dominam
673 2768 895 2859 complexibus
910 2769 1031 2836 ambiat
1044 2773 1148 2838 oretis.

238 2886 346 2967 Quam
361 2897 470 2946 tamen
484 2881 677 2971 Euphemes
690 2895 780 2972 grata
792 2882 862 2947 vice
881 2883 964 2948 lacte
980 2885 1110 2952 fovebat
1221 2909 1257 2959 ⁷⁴⁵

178 3047 183 3056 .
236 3003 310 3090 lpse
323 3019 400 3079 suo;
419 2995 494 3062 dein
509 2997 601 3087 virgo
615 2997 707 3086 loqui
724 2998 770 3061 sie
784 2997 852 3062 visa
867 3015 1019 3086 repente:

280 3109 444 3178 «Tritonis
462 3131 586 3200 genus,
607 3125 640 3175 et
655 3125 808 3176 natorum
824 3127 913 3202 grata
925 3129 1060 3179 tuorum

235 3227 314 3292 Sum
332 3225 459 3307 rumix,
476 3243 545 3288 non
560 3242 659 3312 quam
674 3223 850 3290 fortissime
866 3247 938 3292 rere
950 3229 1102 3317 puellam.

234 3338 298 3405 Sed
311 3361 363 3403 me
374 3337 464 3417 juxta
478 3336 634 3426 Anaphen
648 3337 746 3403 Nerei
759 3339 813 3427 pia
829 3342 964 3406 numina
980 3343 1147 3433 Nymphas

234 3456 386 3543 Deponas
402 3451 521 3541 pelagi,
542 3451 634 3516 nullo
650 3450 734 3541 pede
747 3470 876 3542 postera
895 3455 992 3522 ducet
1218 3487 1256 3538 ,ευ

235 3565 287 3634 Ad
305 3565 419 3632 Pboebi
438 3564 544 3631 radios
561 3585 615 3630 me
631 3567 689 3631 lux
706 3567 855 3634 sublimis
869 3570 1035 3660 Olympi.»

197 3751 206 3760 ¹
278 3678 450 3745 AEsonides
465 3677 563 3744 docto
579 3678 693 3745 Phoebi
706 3701 861 3770 responsa
876 3685 1026 3750 volutans

232 3797 381 3877 Pectore,
400 3795 553 3860 sollicitos
568 3794 662 3861 dictis
680 3797 799 3862 ellatur
816 3799 954 3866 amicos:

277 3910 329 3974 «0
343 3909 438 3992 socii,
452 3911 601 3998 preclare
614 3911 747 4000 quidem
761 3933 821 3978 nec
835 3933 929 4002 parva
944 3933 1075 4004 paratur

233 4024 342 4090 Gloria
356 4047 364 4089 ι
395 4021 427 4087 di
448 4024 557 4112 superi
575 4024 726 4106 jactatam
747 4027 782 4091 in
805 4029 921 4093 caemla
943 4031 1070 4118 glebam
1217 4059 1254 4110 7⁵⁵
