3002 4680
432 336 558 402 uovt
590 334 839 400 un1r0n1s
869 333 1026 398 noum.
1177 285 1182 296 ’
1215 331 1255 419 75

231 477 267 529 V.
282 475 340 545 178.
359 480 391 526 Es
405 477 473 526 mula
488 476 530 526 leti
541 475 649 525 Gaudia.
666 503 697 514 -
709 473 809 526 Confer
817 471 893 544 Virg.
908 474 968 524 AEn.
979 471 1034 534 vt,
1054 487 1122 540 279:
1144 475 1174 522 Et
1191 475 1258 522 mala
1305 511 1308 518 i

197 563 282 610 mentri
295 559 404 610 Gaudia.

233 687 268 738 V.
287 686 343 738 188.
358 687 493 752 Mixtaque
510 687 590 736 ninam
603 703 656 734 curn
665 687 765 752 pulvere
777 683 844 734 vita.
858 713 892 722 -
905 684 974 732 Vitas
988 681 1048 734 Pius
1060 699 1091 734 ac
1104 683 1259 754 Wagnerus

199 769 345 841 explicant,
358 787 460 836 corpora
478 771 568 820 vitalia
583 769 691 836 qrddem,
708 771 754 818 sed
768 770 871 818 vnlnere
888 780 971 818 suasa.
986 764 1053 818 Mihi
1065 763 1169 818 videtur
1182 767 1259 817 vitam

198 852 243 906 hic
256 870 311 906 esse
322 869 370 924 pro
382 853 510 920 sanguine.
524 849 567 904 sic
578 853 687 902 animam
700 869 749 922 pro
763 852 884 919 sangnine
897 847 963 900 dixit
973 848 1101 920 Virgilius
1112 849 1190 912 ,AEm
1201 849 1259 911 lx,

201 937 270 1005 369:
287 941 434 1003 Purpuream
446 936 571 986 vomitille
584 938 701 986 animam.

236 1067 269 1120 V.
282 1065 340 1120 rob.
351 1067 462 1133 rarisque
471 1069 540 1116 amm
549 1079 699 1117 muneraret
706 1069 805 1134 iniqius.
817 1095 851 1106 -
861 1091 874 1110 α
883 1065 985 1120 Dicitur
995 1065 1039 1118 ille
1048 1079 1183 1118 mensuare
1194 1067 1262 1116 ariam

194 1153 254 1220 saro
271 1155 370 1220 iniquo,
390 1149 502 1222 quidet
526 1149 692 1204 occasionem
715 1151 826 1202 fortuna
845 1148 988 1216 saeviendi,
1007 1160 1033 1203 et
1055 1149 1138 1222 aperit
1162 1146 1262 1202 aditum

202 1235 349 1288 calamitati
360 1259 382 1288 a.
396 1233 439 1289 ste
456 1233 526 1288 Pius.
542 1234 696 1305 Wagnerus
716 1233 789 1286 huuc
807 1251 913 1287 sensum
932 1231 1036 1286 videtur
1058 1243 1192 1304 sequutus.
1210 1233 1264 1286 Nos

202 1319 278 1374 aliter
295 1318 438 1372 struimus:
458 1321 528 1369 oium
546 1317 619 1389 equis
633 1331 793 1378 monstrarat,
806 1316 824 1369 i.
837 1335 861 1369 e.
876 1333 958 1388 equos
971 1314 1005 1369 ad
1022 1315 1122 1370 bellurn
1138 1315 1263 1381 miserat,

194 1403 259 1470 sotir
270 1403 377 1470 iniquis,
390 1419 442 1453 non
455 1401 602 1453 laventibus
612 1421 620 1467 ς
631 1401 669 1454 sic
677 1400 752 1472 Virg.
763 1403 823 1452 AEn.
833 1399 886 1461 ΙΙΙ,
902 1419 933 1472 17
943 1417 950 1453 τ
958 1401 1023 1469 satis
1032 1402 1154 1470 ingressas
1163 1402 1262 1468 iniquis.

238 1539 274 1591 V.
291 1557 341 1609 207
344 1575 646 1592 ..................
653 1541 728 1590 Simul
745 1541 826 1590 obvim
846 1541 944 1590 iustam

341 1629 425 1675 Pectus
439 1627 463 1675 in
477 1628 605 1676 adversum
619 1624 949 1691 Geloejaeitaltpedemqne5

345 1709 453 1758 Consum
464 1725 569 1757 excusso
583 1709 664 1758 victor
676 1709 747 1758 duce.

204 1826 269 1878 uEx
290 1825 322 1878 iis
339 1837 377 1879 est
398 1826 489 1889 locus,
507 1843 574 1897 qnos
586 1823 722 1890 Valerius,
742 1825 763 1876 ai
786 1843 830 1896 per
851 1827 901 1878 fata
926 1824 1055 1890 licuisset,
1078 1824 1153 1876 aliter
1177 1824 1267 1877 suisset

154 1897 156 1900 ¹
205 1907 379 1962 adornaturus
391 1927 399 1973 ;
411 1927 471 1961 nam
486 1908 735 1980 quomodocumque
748 1926 879 1979 exponas,
893 1925 962 1960 nore
976 1919 1003 1960 et
1016 1904 1184 1960 incommode
1197 1905 1268 1960 dicta

178 2045 181 2050 .
205 1993 332 2046 nonnulla
345 1993 473 2046 invenies.
486 1992 566 2057 Quod
584 1993 605 2045 si
627 1991 865 2063 interpunctionem
879 1990 1017 2062 vulgarent
1028 2002 1089 2062 post
1101 1993 1268 2058 alipedemque

204 2075 334 2144 retineas,
354 2075 551 2129 incommodum
569 2077 685 2130 exoritur
702 2074 781 2141 inde,
803 2074 876 2146 quod
899 2093 996 2146 equum
1016 2093 1070 2127 non
1097 2074 1176 2128 vellet
1191 2073 1270 2126 ferire

206 2161 309 2224 Cantor,
328 2180 381 2232 quo
395 2161 455 2214 rivo
474 2160 513 2214 nti
527 2161 624 2214 mallet.
643 2159 687 2214 Sin
701 2171 790 2213 autem
806 2159 885 2214 colon
903 2177 987 2230 ponas
1001 2169 1059 2230 post
1071 2160 1152 2227 jacit,
1162 2161 1270 2230 jungas·

205 2261 272 2315 qne,
293 2244 419 2297 suadente
432 2244 601 2306 Burrnnnno,
622 2246 741 2314 alipedem
754 2244 873 2304 constitit,
895 2254 952 2293 tum
974 2259 1036 2294 vero
1059 2243 1165 2292 conrasit
1186 2239 1271 2292 active

206 2338 339 2400 sumptum
357 2347 406 2400 pro
426 2330 562 2390 constituit,
582 2327 654 2399 quod
670 2339 696 2380 et
715 2327 802 2399 ipsum
825 2345 878 2380 uon
902 2327 964 2381 satis
985 2337 1094 2399 aptum,
1113 2323 1271 2377 inusitatum

207 2423 282 2464 esset.
295 2411 422 2464 Vossius:
438 2415 544 2464 conrasit
559 2431 664 2464 excusso
679 2427 771 2472 rector,
787 2413 805 2462 i.
819 2429 840 2463 e.
851 2429 945 2484 equus,
959 2415 1028 2464 dure.
1040 2409 1120 2475 Quod
1132 2405 1272 2480 probabile

207 2494 291 2548 videri
310 2495 391 2565 possit
414 2494 490 2562 ideo,
510 2496 584 2568 quod
605 2510 719 2548 excutere
741 2495 847 2548 solenne
868 2507 893 2548 et
911 2496 966 2548 lere
986 2507 1142 2567 perpetuum
1162 2493 1271 2546 verbnm

208 2577 242 2628 sit
260 2575 294 2630 de
311 2595 397 2648 equo,
420 2596 548 2631 sessorem
569 2577 723 2651 dejiciente,
741 2590 767 2632 et
785 2581 890 2631 omentis
906 2579 1063 2632 vocabulum
1081 2578 1122 2631 bis
1141 2589 1219 2650 poeta
1237 2574 1271 2630 de

208 2661 289 2714 ariete
298 2659 385 2714 Helles
400 2660 575 2734 usurpaverit,
590 2663 619 2726 l,
642 2662 764 2725 abr-425.
783 2662 869 2734 Magis
883 2662 983 2716 arridet
996 2661 1136 2728 Heinsius,
1154 2663 1197 2714 cui
1217 2659 1273 2714 sul·

208 2744 325 2816 fragatur
342 2745 468 2812 Becliius,
485 2763 546 2817 pag.
570 2749 637 2810 269,
657 2763 706 2815 pro
727 2749 834 2796 consuat
846 2744 935 2817 legens
952 2747 1045 2810 insilis,-
1059 2746 1168 2800 fortasse
1183 2757 1273 2798 tamen

209 2843 263 2878 non
279 2827 388 2880 omnino
403 2826 641 2893 contemnendum,
664 2827 772 2898 propius
790 2828 886 2900 quippe
907 2827 942 2881 ad
961 2829 1097 2882 literarum
1116 2829 1210 2882 ductus
1228 2847 1273 2882 ac.

210 2903 306 2958 cedens
315 2943 323 2968 ‚
333 2909 361 2962 rb
382 2909 495 2975 comple,
509 2906 628 2959 celeriter
638 2904 792 2978 prehendit,
809 2907 847 2959 nti
858 2911 957 2975 corripit
972 2927 1053 2959 senna
1065 2908 1133 2968 vll,
1153 2909 1210 2972 148.
1223 2909 1273 2960 Ut·

210 3005 323 3059 cumque
341 2990 391 3054 sit,
406 2989 461 3062 ipse
476 2989 580 3062 Jupiter
599 2991 701 3062 gavisus
720 3000 776 3054 est,
792 2991 892 3057 risitque
914 2993 946 3041 ab
959 2994 1013 3041 alta
1027 2993 1088 3041 nabe
1096 2993 1195 3061 filium,
1211 2990 1272 3054 cui,

210 3089 293 3143 quum
310 3072 390 3144 pedes
405 3086 482 3128 antea
502 3073 690 3146 depugnasset,
711 3073 824 3145 equitem
844 3091 915 3126 nunc
936 3091 1013 3146 agere
1034 3073 1213 3145 contigerat».
1230 3073 1273 3128 sie

211 3155 374 3223 Wagner-us.

246 3239 331 3292 Dictio
342 3244 424 3293 vietor
435 3241 572 3296 retinenda
584 3241 647 3295 mihi
658 3241 779 3305 ridetur,
792 3239 907 3313 eoquod
922 3255 947 3295 ct
956 3243 1096 3314 imaginem
1108 3241 1274 3294 exhibethoc

211 3323 282 3384 loco,
294 3335 320 3376 et
329 3343 359 3378 ea
369 3325 481 3378 libenter
490 3337 601 3378 utuntur
611 3338 693 3398 poetae
704 3367 711 3392 ,
727 3337 871 3396 utcumque
880 3325 965 3378 simile
979 3327 1094 3378 occurrit
1105 3325 1275 3396 adjunctum

212 3403 249 3459 sic
263 3407 357 3460 Noster
378 3426 471 3480 supra,
490 3409 533 3471 ll,
558 3407 627 3472 546:
656 3411 736 3478 qualis
750 3429 798 3478 per
816 3428 914 3476 pascua
939 3412 1020 3460 victor
1037 3412 1193 3478 Ingreditur,·
1215 3406 1276 3461 vide

212 3507 317 3562 quoque
327 3492 365 3556 V,
385 3496 437 3563 673
451 3493 535 3560 vm,
558 3493 616 3546 133.
640 3493 778 3565 Sequentia
798 3491 970 3564 perpendenti
993 3492 1057 3544 mibi
1082 3491 1204 3546 videntur
1219 3491 1276 3544 bec

213 3572 307 3639 verba,
334 3577 453 3643 alipedem
474 3579 594 3636 constitit,
620 3573 672 3628 hoc
695 3577 859 3647 significare,
878 3579 998 3627 Pollucem
1023 3593 1118 3648 nempe
1138 3580 1163 3628 in
1187 3596 1275 3644 equum

212 3659 323 3718 meilim
342 3659 424 3711 immo
438 3660 546 3712 verbnm
564 3662 669 3712 conantis
686 3659 753 3713 mihi
773 3658 879 3713 videtur
899 3659 1017 3730 apprime
1036 3660 1143 3731 pingere
1161 3660 1276 3732 aliquem

212 3757 282 3810 equo
305 3741 388 3812 perite
408 3743 560 3796 sedentem:
582 3743 686 3804 forsan,
706 3754 734 3794 ut
755 3743 801 3795 ille
823 3760 912 3794 sensus
924 3742 1044 3802 exsistat,
1063 3741 1202 3814 legendum
1223 3742 1275 3809 sit,

213 3825 351 3890 alpsdique
369 3827 488 3886 conedae,
510 3824 734 3896 quemadmodum
756 3825 807 3878 boc
821 3825 925 3896 Virgilii
947 3826 1021 3892 loco,
1039 3829 1100 3878 AEn.
1111 3827 1188 3890 Vlll,
1208 3829 1275 3880 381:

213 3907 351 3956 numanam
370 3906 486 3959 constitit
504 3907 572 3972 oris;
587 3908 768 3972 Burmannus,
779 3909 833 3972 Vl,
852 3909 923 3978 527,
939 3921 1014 3961 notnt
1027 3914 1112 3961 sedere
1128 3931 1214 3978 equam
1228 3911 1276 3962 ali·

213 3987 320 4058 quando
332 3989 402 4044 dici:
416 3992 482 4062 quid
492 3992 512 4044 si
522 3993 645 4046 Valerius
658 3992 723 4044 dixit
736 3991 865 4064 perinde:
881 3995 984 4044 consuat
993 4002 1101 4060 equum?

250 4115 283 4166 V.
299 4115 359 4170 213.
373 4121 443 4168 Hunc
461 4136 527 4185 nge,
548 4123 590 4170 vel
608 4137 672 4170 caso
688 4119 796 4178 comitem
816 4137 853 4168 me
875 4119 967 4168 reddite
977 4119 1066 4184 fratri.
1079 4121 1192 4168 -Hnnc
1209 4134 1276 4182 age.-
