2994 4702
414 381 420 392 -
494 349 908 416 inconnumnuu.
1171 357 1232 446 337

171 479 249 542 locis
269 492 378 542 motus
394 475 434 538 cl.
449 474 637 539 Perizonius
656 473 743 560 apud
760 475 925 563 Hyginum
942 476 1015 539 loco
1031 495 1186 567 corrupto
1202 498 1235 545 et

172 583 304 664 mutilo,
322 582 379 646 ubi
395 581 528 668 legitur,
546 579 703 643 Atrhraha
720 580 839 644 Thestii
848 576 945 664 filia,
971 583 1103 647 rescribi
1121 585 1235 669 jubet,

172 689 384 778 Amphiaraus
415 685 529 750 OEclei
549 681 655 764 filius,
685 699 785 750 matre
814 687 1052 775 Hypermestra,
1077 692 1235 778 Argivum

173 793 263 882 quod
278 817 339 858 nos
357 815 416 856 nec
432 791 590 871 refellere,
607 811 666 854 nec
679 791 816 877 probare
831 791 1009 873 audemus3
1027 795 1101 860 licet
1117 798 1235 884 proba-

127 893 129 897 ’
172 900 246 964 bilis
263 899 304 963 sit
317 898 516 978 conjectura,
536 899 611 983 quia
628 895 749 959 dicitur
767 919 786 958 a
806 897 898 960 Statii
918 897 1106 982 Scholiaste,
1127 902 1161 983 1,
1181 905 1235 986 41,

174 1003 294 1093 Lyncei
310 1020 343 1068 et
361 1005 597 1091 Hypermestre
610 999 694 1065 lilius
703 1025 716 1082 3
732 1002 948 1089 erraveritque
965 1005 1048 1068 forte
1065 1005 1117 1069 ille
1133 1007 1236 1071 Scho-

144 1125 149 1132 ·
174 1105 764 1195 liedes,confundensliypermestram
775 1107 875 1170 Danai
887 1107 999 1189 liliam,
1019 1132 1092 1197 quoe
1107 1111 1239 1201 Lynceo

176 1233 277 1304 nupta
289 1215 369 1295 fuit,
383 1237 457 1278 cum
473 1215 702 1301 Hypermestra
715 1212 837 1276 Thestii
852 1211 933 1294 lilia,
951 1237 1022 1301 quae
1037 1216 1148 1280 Oicleo
1164 1241 1240 1283 con·

172 1323 283 1404 juncta
307 1317 408 1384 edidit
430 1319 681 1405 Amphiaraum
702 1317 758 1404 qui
779 1317 929 1381 Thestius
955 1319 981 1381 si
1005 1317 1090 1383 idem
1108 1322 1163 1403 sit,
1183 1323 1239 1410 qui

174 1425 267 1491 Ledie
283 1442 374 1514 pater
390 1423 509 1489 dicitur
524 1423 631 1488 Schol.
649 1423 799 1510 Apollon.
814 1420 829 1485 l
839 1472 849 1504 ,
868 1421 928 1503 46,
946 1423 1001 1486 uhi
1019 1443 1171 1513 corrupte
1191 1429 1237 1490 le·

175 1533 262 1621 gitur
274 1543 398 1611 Θίσπιος,
413 1545 445 1594 et
458 1529 526 1608 ejus
542 1546 644 1593 mater
661 1543 771 1592 vocata
788 1528 989 1592 Androdice:
1013 1531 1066 1594 ille
1085 1532 1237 1618 Thestius

176 1637 238 1701 luit
253 1636 366 1701 Martis
381 1653 413 1699 et
426 1633 579 1698 Pisidices
593 1633 694 1716 filius,
711 1649 791 1697 teste
806 1633 980 1698 Plutarcho
994 1633 1035 1698 de
1049 1637 1189 1702 Flumin.
1202 1641 1237 1702 in

178 1741 338 1825 Acheloo,
349 1739 566 1830 quaePisidice
580 1739 664 1804 AEoli
676 1738 738 1803 filia
747 1788 755 1822 ,
765 1740 894 1804 Crethei
907 1763 1015 1822 soror,
1030 1743 1116 1806 etita
1129 1745 1145 1806 J
1148 1747 1239 1808 esoni

177 1849 275 1912 etiam
305 1847 575 1934 consanguineus.
598 1845 645 1907 Ex
671 1845 721 1908 his
751 1860 856 1932 patet,
882 1867 987 1910 errare
1015 1847 1239 1912 doctissimum

178 1954 340 2042 Baylium,
362 1953 419 2041 qui
437 1967 529 2040 putat
544 1973 561 2014 a
575 1951 644 2014 solo
660 1949 855 2038 Apollodoro
875 1974 949 2016 eum
972 1953 1165 2041 Argonautis
1179 1955 1237 2018 ad·

180 2074 383 2122 numeratum
400 2055 497 2137 tradi,
515 2056 571 2144 qui
588 2057 680 2144 plura
699 2054 739 2119 de
756 2056 954 2142 Amphiarao
973 2059 1150 2146 congessit,
1175 2082 1242 2147 quo

178 2164 331 2227 lectorem
348 2161 553 2227 remittimus.
577 2161 704 2226 Patrem
729 2159 797 2240 ejus
821 2160 944 2241 Or'clea‚
964 2185 1031 2226 non
1059 2164 1164 2228 loclea
1181 2188 1240 2230 vo·

179 2269 338 2350 candum,
364 2268 476 2332 docuit
502 2267 681 2340 Munkerus
708 2265 748 2330 ad
776 2267 894 2356 Hygin.
918 2269 981 2332 fab.
1012 2267 1083 2334 128.
1112 2271 1243 2337 Oicleus

178 2397 255 2440 vero
270 2390 337 2438 erat
352 2372 436 2438 filius
457 2373 620 2462 liphetae,
637 2372 790 2460 Tiphates
808 2372 1040 2460 Melampodis,
1063 2376 1120 2463 qui
1137 2378 1239 2465 Amy·

180 2480 323 2558 thaonis,
339 2496 371 2542 et
387 2479 438 2543 ille
451 2479 595 2558 Crethei;
612 2476 686 2540 vide
703 2477 849 2542 Eustath.
867 2477 908 2541 ud
920 2476 1010 2542 Iliad.
1025 2481 1073 2560 Il,
1089 2481 1173 2563 6663
1186 2483 1244 2552 sed

181 2585 343 2650 Diodorus
354 2585 492 2664 Siculus,
504 2584 559 2648 lib.
569 2585 625 2666 lV,
639 2607 671 2672 p.
686 2585 762 2664 166,
775 2584 894 2665 Oiclea,
907 2585 968 2648 sub
980 2587 1119 2650 Hercule
1131 2603 1243 2652 contra

180 2690 401 2755 Laomedonta
430 2689 637 2768 militantem,
664 2689 859 2776 Amphiarai
882 2689 982 2753 lilium
1007 2691 1103 2756 facit:
1123 2694 1179 2780 qui
1202 2717 1244 2758 au

181 2795 268 2860 idem
282 2797 338 2876 sit,
355 2819 394 2857 an
410 2815 529 2856 nomen
545 2794 593 2856 avi
608 2792 758 2856 habuerit
770 2793 810 2855 alr
826 2794 1026 2880 Amphiarao
1043 2798 1171 2880 nescio,
1188 2821 1247 2864 nec

183 2902 300 2982 etiam,
319 2923 358 2964 on
376 2899 469 2986 plane
492 2899 572 2962 alius
587 2921 594 2961 :
612 2919 685 2962 nam
701 2897 834 2964 Diodor.
852 2897 907 2962 lib.
922 2899 978 2978 IV,
995 2922 1064 2990 pag.
1092 2903 1171 2984 188,
1189 2905 1246 2968 01.

183 3007 287 3071 eleum
301 3006 390 3070 hunc
409 3002 510 3067 filium
533 3003 715 3090 Antiphatis
732 3003 978 3090 etXeuxippes,
1000 3023 1152 3094 nepotem
1176 3009 1246 3072 Me·

182 3110 340 3200 lampedis
352 3110 446 3190 facit,
463 3132 560 3196 quem
573 3107 655 3172 vide.
670 3109 816 3197 Hyginus
831 3131 870 3170 co
884 3108 957 3172 loco
972 3127 1004 3173 et
1024 3110 1087 3174 lab.
1103 3135 1144 3197 7⁰
1156 3111 1246 3176 addit

184 3219 280 3282 etiam
298 3216 455 3304 Apollinis
481 3214 582 3278 filium
608 3214 773 3296 habitum3
797 3213 853 3279 sed
879 3214 930 3278 illa
959 3216 1069 3304 opinio
1089 3217 1245 3300 invaluit,

185 3324 259 3411 quia
275 3345 379 3412 augur
391 3323 535 3384 velvates
548 3321 623 3403 fuit3
643 3337 744 3384 mater
762 3319 987 3404 Clytemrrestra
1000 3320 1121 3386 dicitur
1141 3323 1245 3390 eidem

185 3427 314 3518 Hygino
336 3424 458 3492 ibidem
477 3442 510 3490 et
528 3425 585 3513 733
606 3427 713 3490 nescio
731 3442 859 3506 tumen,
877 3449 916 3488 au
943 3426 1177 3510 Chtemnastrae
1191 3453 1249 3495 no·

186 3556 259 3598 men
276 3533 317 3596 sit
328 3527 566 3620 repudiandum
576 3579 585 3612 ,
595 3530 684 3619 quod
698 3531 731 3593 in
744 3530 866 3594 Thestii
883 3531 1000 3594 familia
1010 3531 1138 3597 videtur
1150 3537 1249 3624 magis

187 3639 365 3702 usitatum:
390 3659 463 3699 narn
495 3635 563 3716 ejus
590 3633 653 3699 filia
680 3635 765 3698 Leda
797 3636 891 3698 etiam
926 3637 1011 3715 l'uit;
1039 3636 1112 3702 vide
1143 3639 1249 3706 Schol.

74 3799 78 3810 .
188 3743 334 3832 Apollon.
351 3741 385 3823 l,
416 3743 486 3819 146.
507 3741 610 3820 Hujus
634 3763 710 3803 vero
728 3741 825 3803 altera
840 3740 1067 3824 clytemnestra
1084 3745 1253 3830 Agamem·

189 3849 282 3910 nonis
311 3869 407 3926 uxor3
420 3869 512 3908 uxor
531 3845 726 3932 Amphiarai
746 3844 899 3931 Eriphyle
918 3845 998 3926 fuit,
1023 3847 1114 3926 cujus
1144 3847 1251 3914 fabula

189 3966 283 4032 note;
297 3950 349 4014 illa
371 3966 478 4014 autem
501 3972 603 4036 quum
628 3949 725 4012 luerit
746 3947 810 4012 filia
823 3949 908 4011 Talai
930 3951 1138 4036 Argonautae,
1156 3955 1251 4018 etiam

190 4055 334 4119 Cretheis
348 4072 436 4135 erat,
451 4053 523 4117 vide
537 4054 569 4116 in
589 4053 702 4118 Talao.

279 4159 322 4222 H.
1055 4226 1060 4236 ,
1081 4183 1120 4232 ²3

909 4246 914 4252 1
1065 4242 1071 4251 ι
1090 4240 1095 4249 ⁶

871 4282 877 4288 ι
945 4268 973 4290 Αἰ
993 4266 997 4274 ⁶
1023 4261 1028 4272 A
1054 4256 1074 4284 a*
1088 4252 1107 4280 ’ί

992 4294 999 4306 a
1034 4288 1061 4310 ,¹
1086 4300 1093 4308 a
