3006 4676
432 356 839 439 ARGONAUTICON,
864 357 951 424 LlB.
977 359 1017 422 X.
1199 358 1260 423 255

234 493 375 584 Hospitii
390 490 477 556 dona
492 489 597 578 ampla
614 485 721 566 dedit,
738 487 830 553 dedit
845 487 981 578 insuper
994 489 1077 554 alma
1223 515 1259 558 aes

234 614 350 692 Arete,
370 606 498 672 bissena
514 603 606 693 sequi
626 625 699 692 quae
716 601 874 668 Colchida
891 603 987 684 jussit
1062 627 1064 630 ·

233 723 413 812 Mancipia,
434 720 469 784 in
485 719 570 810 reg's
590 717 743 783 domibus
760 717 946 784 Phaeacidos
966 741 1031 784 orae

233 839 379 922 Educta,
399 851 433 902 et
448 849 576 899 sanctos
595 831 736 898 dominae
753 833 926 897 referentia
942 851 1059 900 mores.

278 953 441 1041 Tempore
457 949 533 1016 dein
552 971 652 1038 parvo
670 947 836 1036 Drepanes
853 948 1015 1014 laetissima
1031 949 1152 1040 linquit

234 1068 321 1131 Rura
337 1087 452 1131 manus
463 1113 472 1146 ,
485 1061 641 1152 uephyria
659 1083 804 1150 auraque
818 1061 948 1138 favente
966 1065 1070 1152 potita
1225 1089 1263 1127 ,ευ

232 1178 388 1268 Navigat,
405 1193 439 1242 et
450 1177 523 1242 fatis
537 1197 606 1241 nou
622 1175 727 1265 tangit
739 1175 891 1240 Achaeida
907 1193 1044 1262 terram,

234 1291 271 1355 ln
288 1291 447 1380 Libycum
464 1289 570 1355 donec
585 1289 800 1377 penetraverit
815 1305 885 1354 acta
900 1291 1114 1380 profundum.

233 1405 421 1471 Ambracius
434 1405 568 1495 tetigere
582 1405 691 1486 sinus,
706 1403 904 1494 Curetiaque
920 1428 1011 1491 arra,

233 1521 275 1585 Et
287 1519 412 1586 volucri
425 1519 498 1583 velo
512 1518 642 1584 Stinnas
659 1533 693 1583 et
705 1517 888 1583 Echinadas
903 1540 968 1583 una

233 1635 453 1719 Praetereunt,
469 1632 664 1721 Pelopisque
678 1631 791 1698 vident
805 1634 968 1722 surgentia
982 1655 1093 1723 regna.
1225 1659 1260 1696 2⁵⁵

232 1753 294 1817 Hic
308 1753 419 1817 Boreae
433 1751 543 1834 furor,
560 1767 658 1839 atque
672 1749 831 1814 immensa
847 1749 988 1838 procella
1003 1749 1130 1814 ruentis

232 1868 360 1956 Perque
376 1888 494 1932 novem
512 1881 646 1949 noctes,
665 1841 868 1953 totidemque
887 1865 1051 1952 reciproca
1067 1863 1174 1948 luces,

232 1982 374 2071 Dispulit
385 1981 420 2046 in
434 1979 569 2068 libycas
582 1979 751 2044 volitantia
765 1979 896 2044 carbasa
909 1995 1023 2068 syrtes.

232 2094 376 2160 Navibus
394 2095 473 2158 hinc
486 2093 592 2184 pelagi
608 2091 751 2158 reditum
767 2108 883 2157 natura
903 2096 1052 2184 negavit,

233 2211 343 2276 Limus
358 2209 482 2298 ubique
495 2208 667 2296 frequens,
677 2216 809 2289 vortex,
824 2221 857 2272 et
869 2208 967 2272 inane
981 2210 1203 2297 profundunt,
1225 2235 1261 2274 ιε..

231 2326 489 2415 spumantesque
505 2323 610 2388 vomit
629 2323 763 2388 sinuoso
787 2322 920 2387 turbiue
939 2321 1078 2408 ductus,

232 2441 273 2506 Et
291 2457 441 2504 tenerum
456 2439 598 2527 erumpit
613 2436 748 2502 dorsum
765 2435 909 2502 flaventis
923 2459 1039 2504 arente.

231 2555 307 2620 Non
321 2555 399 2620 hinc
413 2553 558 2644 effugere
572 2569 621 2618 est
634 2551 789 2642 pedibus,
809 2552 966 2641 pennisve
981 2551 1090 2620 levari.

230 2670 339 2734 Litora
353 2682 557 2758 restagnant,
575 2668 746 2758 pelagique
761 2667 899 2732 furentis
919 2667 1083 2736 inundant

232 2779 380 2864 Insidiis,
403 2777 476 2844 fluit
491 2801 528 2843 ac
541 2777 650 2842 refluit
664 2801 743 2870 vaga
762 2795 911 2868 tempore
929 2804 1029 2869 parvo
1222 2813 1259 2851 ‚es

231 2893 326 2958 Unda
341 2909 442 2958 ratem
459 2893 640 2981 abripiens,
661 2915 760 2982 quam
776 2893 866 2957 nuda
884 2895 1004 2984 linquit
1018 2921 1125 2964 arena.

274 3007 431 3073 Desiliere
446 3005 527 3088 viri,
545 3007 646 3071 tacito
659 3006 781 3096 quibus
795 3006 858 3072 icta
874 3029 994 3096 pavore

232 3120 337 3186 Corda
350 3135 513 3204 tremuut3
532 3121 654 3210 quippe
670 3123 776 3212 ampla
790 3121 905 3187 rident
920 3122 1061 3208 deserta,
1080 3128 1192 3215 quieto

231 3235 349 3300 Omnia
361 3235 458 3325 plena
472 3249 583 3316 metu3
599 3259 666 3301 non
681 3236 736 3301 hic
747 3236 888 3326 pastoria
901 3235 1010 3304 balant

231 3351 384 3440 Agmina,
399 3371 461 3414 nec
480 3350 591 3439 riguos
612 3349 756 3440 depascit
770 3351 900 3414 victima
919 3351 1028 3417 saltus.
1220 3391 1257 3432 η.
1307 3391 1312 3406 1
1422 3345 1425 3354 ’

230 3465 325 3529 Tunc
335 3485 436 3551 pavor
448 3463 565 3528 heroas
579 3464 696 3548 subiit,
711 3465 947 3553 simulacraque
961 3465 1034 3549 leti,

230 3577 334 3665 lnque
349 3576 453 3641 vicem
472 3576 570 3641 tacito
590 3577 772 3644 lustrarunt
788 3578 913 3642 lumine
930 3581 1048 3646 vultus.

230 3691 407 3755 «Fallacem
428 3713 449 3754 o
468 3693 605 3755 terram!
626 3713 694 3780 quo
715 3713 776 3756 nos
796 3693 952 3781 pepulere
970 3697 1138 3782 procellae?

230 3804 260 3867 0
274 3803 400 3868 utinam
416 3805 558 3894 scopulis
571 3805 865 3871 intercurrentibus
877 3808 966 3897 Argo

229 3918 392 4007 Perpetuo
410 3935 530 3984 nutans
547 3921 664 4011 agitata
684 3920 800 3985 timore
819 3922 951 3986 fuisset!
1018 3999 1021 4004 1
1220 3953 1256 4002 ηε

230 4031 380 4098 Adversis
398 4033 515 4097 melius
530 4033 636 4100 fuerat
650 4035 731 4100 freta
750 4033 865 4100 caerula
884 4036 957 4100 fatis
1258 4025 1265 4042 ⁶
