3022 4678
253 343 1076 378 Wfflfflmmfflfflwmmm
1082 343 1318 362 MMMMMM

508 562 561 624 IN
593 559 777 624 LIBRUM
806 559 1061 626 SEPTIMUM

406 681 1163 896 aneonanmcon

530 1022 690 1101 NOVI
726 1017 1026 1098 EDITORiS

676 1233 891 1320 NOTAE.

599 1473 979 1506 ...ψ-.-

284 1681 316 1733 V.
330 1681 352 1733 5.
365 1683 397 1729 Et
410 1697 475 1728 mens
490 1679 588 1726 incensa
602 1677 712 1725 tenebris.
729 1704 763 1713 -
780 1673 878 1728 Confer
892 1671 1038 1740 Ovidium,
1054 1675 1159 1728 Metam.
1172 1677 1247 1740 Vlll,
1264 1679 1291 1730 81
1306 1696 1312 1729 :

391 1812 455 1859 Talia
465 1811 552 1857 dicenti
562 1823 671 1855 curarum
682 1808 781 1854 marina
792 1809 872 1854 annis

393 1889 448 1933 Nox
459 1885 595 1939 intervenit,
610 1884 749 1946 tenebrisque
759 1883 856 1930 audacia
867 1888 942 1931 crevit.

290 2041 323 2092 V.
333 2059 375 2110 ²7·
386 2045 463 2106 laque
472 2041 523 2106 ipso
533 2037 698 2104 nequidquam
706 2035 915 2106 tempore—Quo
921 2034 1054 2108 tempore?
1063 2055 1098 2088 an
1107 2055 1203 2110 pugnas
1210 2051 1316 2114 postero

253 2123 315 2178 die?
327 2125 360 2174 ita
374 2119 481 2194 quidem
495 2117 614 2187 videtur:
630 2117 713 2170 sedet
727 2117 771 2170 hic
785 2117 818 2169 dc
832 2133 950 2188 tempore,
965 2131 990 2171 et
1007 2119 1081 2176 initio
1097 2120 1158 2174 libri
1176 2120 1210 2176 de
1217 2125 1316 2190 fabula

255 2213 307 2261 loco
318 2201 467 2257 monendus
478 2213 531 2254 erat
539 2199 629 2278 lector.
719 2275 721 2281 ,

289 2349 322 2400 V.
337 2367 379 2418 ²9·
393 2351 531 2416 captasque
543 2351 593 2398 deis
606 2352 738 2400 accendere
744 2353 854 2418 praedas.
868 2381 902 2396 -.—
913 2353 999 2413 AEetes
1013 2363 1113 2424 partem
1125 2351 1220 2426 praedat
1232 2355 1259 2406 in
1270 2354 1315 2406 ho-

255 2452 346 2486 norem
365 2431 475 2485 deornm
489 2431 600 2486 cremari
614 2433 688 2506 jubet
700 2473 707 2498 ‚
718 2422 755 2486 'nt
772 2432 894 2486 Evander
908 2433 977 2508 apud
988 2433 1148 2506 Virgilium,
1164 2439 1224 2490 AEn.
1235 2437 1315 2502 vm,

257 2519 318 2582 562,
334 2525 469 2570 scutorum
483 2519 590 2566 incendit
604 2515 687 2568 victor
703 2535 818 2572 acervos.
833 2515 912 2574 Plura
925 2530 984 2570 sunt
998 2518 1068 2592 apud
1085 2518 1225 2574 historicon
1238 2519 1317 2590 hujus

257 2597 452 2654 consuetudinis
464 2599 591 2672 exempla.
604 2597 674 2652 Vide
684 2601 803 2657 Servium
811 2599 847 2654 ad
857 2601 948 2672 Virgil.
958 2601 976 2654 l.
988 2601 1004 2654 Ι.

291 2747 325 2795 V.
338 2745 378 2809 54,
396 2746 490 2796 Scilicet
508 2747 596 2796 AEoliee
611 2731 710 2814 pecudi}
724 2760 848 2815 poteretur
865 2761 893 2796 ut
913 2767 982 2798 auro.

397 2837 462 2882 Ante
472 2850 537 2882 nsetts
547 2850 611 2881 caesa
621 2833 749 2882 descendet
757 2835 879 2882 Caucasus
891 2835 987 2892 umbra,

398 2922 435 2966 Ac
441 2919 512 2983 prior
522 2919 662 2967 Hoemonius
677 2931 768 2983 repetet
779 2934 851 2982 super
858 2935 960 2982 aequora
968 2919 1078 2983 praedas.

398 3001 475 3048 Hattd
482 3017 526 3066 ego
538 3017 591 3049 cum
601 3000 669 3049 vittis
679 3001 755 3049 statui
761 2999 880 3064 feralibus
894 3002 988 3051 Hellen.

258 3117 299 3170 sic
314 3115 429 3186 vulgata.
447 3115 501 3167 Nos
519 3114 691 3167 Bononiensis
703 3113 825 3167 editionis
842 3115 981 3167 lectionem
999 3117 1026 3169 in
1047 3129 1145 3173 textum
1157 3122 1315 3194 recepimus.

257 3199 413 3267 Wagnerus
426 3197 561 3266 vulgatam
572 3209 708 3268 sequutus,
717 3199 754 3251 sic
764 3197 964 3268 interpretatur:
978 3201 1061 3266 aQuoe
1074 3218 1221 3276 sequuntur
1232 3227 1317 3278 nsque

259 3279 334 3331 adv.
357 3278 400 3347 57,
422 3296 477 3330 non
496 3289 549 3330 tam
572 3279 606 3331 ad
628 3281 751 3334 iasonem
772 3293 907 3353 spectam,
926 3302 1006 3356 qnam
1028 3287 1115 3340 Pelian
1136 3311 1231 3363 regem.
1249 3296 1316 3344 Scili-

258 3377 294 3412 cet
312 3365 410 3430 (quam
431 3359 609 3428 ridiculumt)
624 3366 713 3414 AEolioe
725 3368 827 3431 pecudis
842 3381 966 3433 poterensr
983 3383 1010 3420 ut
1026 3391 1098 3423 auro.
1113 3373 1164 3426 Sed
1182 3391 1239 3426 unte
1258 3380 1319 3426 Cnu·

257 3465 327 3495 castas
345 3463 410 3495 meus
427 3447 556 3494 descendet
572 3463 636 3495 coesu
656 3450 754 3508 umbra,
776 3466 855 3502 naves
875 3467 905 3502 ex
928 3451 1039 3508 Caucasi
1067 3457 1117 3508 mei
1140 3457 1211 3511 silvie
1231 3457 1318 3513 densis

258 3527 444 3592 fabricatae,in
462 3545 535 3580 mare
555 3527 844 3603 demittentur,quibns
864 3553 914 3606 ego
934 3536 1035 3608 predas
1056 3540 1161 3612 abigam
1181 3543 1319 3596 e'l'hessa-

259 3611 306 3676 lia,
324 3611 397 3681 prins
418 3628 497 3683 quarn
513 3610 616 3663 velleris
641 3613 713 3665 aurei
727 3616 830 3687 copiam
850 3618 873 3669 ei
891 3619 993 3673 faciam.
1018 3627 1097 3674 Haud
1115 3645 1159 3694 ego
1177 3646 1232 3677 enm
1249 3631 1318 3679 vittis

258 3697 334 3746 statui
341 3699 462 3762 feralibus
474 3699 577 3755 Hellen,
593 3715 646 3748 non
665 3696 757 3762 video,
776 3718 823 3753 cur
847 3720 861 3753 a
880 3721 923 3756 me
940 3715 1043 3776 repetat
1061 3707 1144 3760 vellus
1161 3727 1205 3762 rex
1223 3721 1318 3777 vester,

258 3776 304 3848 qui
327 3775 419 3829 Hellen
442 3797 495 3830 non
517 3777 552 3830 ad
571 3797 645 3832 aram
669 3781 867 3836 sacrificandam
890 3784 951 3840 duci
970 3789 1091 3860 jusserim
1117 3793 1206 3859 (cons.
1225 3792 1249 3858 Ι,
1272 3795 1317 3858 43,

258 3861 296 3923 11,
314 3862 363 3930 589
374 3863 383 3928 )
396 3885 417 3912 ι.
430 3892 464 3901 -
476 3861 508 3914 In
526 3861 577 3914 hoc
599 3863 658 3914 ioco
676 3865 713 3918 sic
732 3867 829 3937 scripto
847 3871 990 3940 pugnantia
1013 3873 1129 3944 loquitur
1144 3879 1240 3928 AEetes.
1258 3877 1317 3930 Non
1335 3865 1336 3868 Ἴ

257 3954 340 4012 potest
359 3941 442 3995 Pelias
457 3945 621 4016 Argonautas
639 3948 666 3999 in
679 3947 823 4016 Colchida,
838 3963 867 4003 ut
881 3972 961 4006 aureo
974 3969 1128 4027 poterentur
1142 3959 1253 4026 vellere,
1266 3961 1316 4012 mi·

255 4028 331 4088 sisse,
352 4038 375 4077 et
394 4032 493 4078 nesciisse
506 4035 598 4082 reuerti.
619 4031 672 4084 Cur
685 4037 771 4086 AEetes
785 4047 923 4108 postquam
943 4058 970 4091 se
987 4059 1067 4094 naves
1084 4057 1243 4098 annaturnm
1263 4063 1319 4098 esse
