3006 4676
235 322 298 444 ,ῳ
350 343 352 351 =
387 321 1148 406 P10AUC'r0RE,sttPPLEMENTA

276 453 309 518 N
310 475 347 518 ee
362 455 389 518 si
406 454 466 542 (fas
482 454 581 520 modo
598 457 639 521 ait
657 457 834 522 manifestis
847 456 955 527 dicere
965 456 1084 544 verbis)

279 567 405 633 Offensi
421 569 531 658 cupiat
547 568 699 635 medicari
715 572 849 636 vulnera
866 572 978 654 Paean,

277 680 443 767 Sufficiat,
464 685 511 750 sic
527 701 609 750 tetra
626 688 695 751 lues
710 687 901 770 bacchatim,
918 703 950 751 et
964 687 1064 775 angit.

277 795 390 878 Quum
404 797 544 870 mediam
558 801 694 866 Perseus
710 802 844 891 Libyam
859 801 1072 892 superextulit
1084 800 1147 864 alas
1258 816 1298 856 ⁵³⁵

277 909 488 999 Eurymedon
499 911 607 1002 (etiam
624 914 689 981 hoc
706 916 838 1008 dignata
855 934 905 982 est
922 915 1056 980 nomine
1072 914 1197 1003 mater),

277 1025 365 1089 Caesa
380 1027 486 1093 ferens
505 1031 572 1121 regi
591 1030 816 1120 Phorcynidos
833 1052 890 1096 ora
906 1029 1068 1113 Medusa,

277 1139 451 1229 Quotquot
466 1145 603 1209 candeo
619 1129 807 1210 ceciderunt
822 1145 978 1234 sanguine
994 1157 1093 1233 guttoe

275 1254 405 1321 Vertice
419 1256 616 1348 Gorgoneo,
631 1259 725 1324 tellus
742 1257 882 1324 fecunda
900 1257 1053 1322 colubros

275 1375 382 1459 Fecit,
397 1391 430 1442 et
445 1378 578 1445 invento
591 1379 767 1469 geminavit
783 1379 846 1444 lata
861 1399 999 1442 veneno.
1260 1389 1299 1437 sto

275 1489 411 1578 Mopsus
424 1506 463 1556 ut
479 1491 616 1558 advertit
630 1495 705 1558 saevi
723 1471 909 1564 discrimina
926 1490 1055 1573 dentis,

274 1604 412 1669 Rettulit
427 1627 535 1696 angue
549 1607 665 1697 pedem
681 1609 768 1690 viso,
782 1607 839 1672 sed
855 1605 960 1672 lurida
976 1627 1108 1695 serpens

274 1718 340 1783 Ore
351 1717 442 1806 pedis
454 1721 573 1785 calcem
592 1722 707 1812 tetigit.
721 1721 853 1804 Medea,
867 1721 1027 1809 honaeque

274 1833 475 1899 Pertimuere
488 1835 609 1900 malum
626 1835 776 1902 famule:
791 1857 859 1900 non
875 1835 1005 1900 territus
1019 1833 1072 1897 ille

244 1971 249 1980 ·
275 1948 433 2032 Vulnere,
450 1951 666 2040 sanguineum
684 1951 831 2016 tractavit
846 1950 996 2040 protinus
1013 1949 1116 2042 ulcus.

274 2064 414 2129 Conficit
430 2064 605 2132 audentem
623 2081 729 2130 tamen
749 2067 857 2148 illurn,
874 2081 972 2153 atque
989 2063 1103 2126 intima
1120 2083 1256 2126 somnus

274 2179 395 2245 Letifer
410 2181 544 2263 invasit,
562 2181 675 2246 oculos
693 2197 801 2245 texere
816 2182 973 2263 tenehrae;
1095 2191 1098 2200 '

275 2296 504 2383 inclinansque
519 2296 590 2361 solo
605 2296 739 2360 immani
756 2311 866 2360 vexata
884 2294 997 2360 dolore

274 2410 439 2492 Membra,
457 2411 557 2498 riget,
574 2409 630 2475 fidi
648 2411 766 2499 Minyae
785 2406 973 2476 funduntur
989 2409 1031 2474 ad
1049 2431 1189 2499 aegrum3

274 2525 439 2589 Attonitus
457 2540 567 2614 stupet
584 2525 757 2592 AEsonides
775 2549 836 2615 pro
852 2526 986 2590 vulnere
1003 2541 1105 2588 tanto.
1263 2545 1303 2586 ⁵50

274 2639 350 2702 Fata
371 2636 474 2728 gradu
487 2639 581 2704 celeri
596 2656 789 2728 properant,
806 2639 1034 2730 reliquumque
1050 2637 1160 2702 salutis

273 2753 330 2818 Nil
344 2769 514 2842 superest:
532 2771 652 2819 tetrum
667 2755 802 2845 populat
814 2753 990 2844 praecordia
1008 2754 1107 2818 virus.

274 2872 430 2934 Actutum
449 2888 661 2936 monumenta
674 2887 766 2959 parat
781 2870 846 2935 dux
861 2869 977 2934 Graius
994 2867 1147 2955 adempto

274 2982 480 3071 Ampycidae3
499 2985 616 3049 lacerat
633 2986 737 3049 crines
750 2983 883 3066 Medea,
897 3002 1061 3071 genasque

274 3099 386 3183 Radia
399 3118 432 3166 at
446 3101 563 3175 heroes
577 3101 776 3192 respondent
789 3099 896 3167 flebile
913 3123 1053 3166 carmen.
1264 3115 1303 3154 ⁵⁵⁵

272 3217 338 3282 Ter
352 3217 474 3283 circum
488 3233 702 3286 monumenta
717 3217 777 3279 riri
794 3215 993 3308 fulgentibus
1010 3217 1106 3288 armis

274 3331 417 3396 Solemni
435 3331 555 3420 saliunt
570 3331 702 3411 chorea,
719 3331 874 3418 socioque
890 3346 1078 3419 parentant,

272 3445 426 3527 lnjiciunt
443 3446 574 3510 crebros
586 3445 696 3533 Libyci
713 3468 847 3534 quoque
866 3446 1007 3534 pulveris
1023 3444 1169 3510 hausttm.

317 3562 366 3625 Δι’
376 3559 495 3650 Minyae
509 3560 649 3656 spirante
661 3561 750 3626 Noto
764 3583 863 3650 super
880 3583 1011 3649 aequora
1024 3559 1105 3624 certi

274 3677 326 3740 lre
344 3689 462 3756 ruunt3
475 3674 618 3738 Tritonis
633 3697 732 3763 aquas
748 3674 884 3739 evadere
900 3690 1042 3756 certant;
1265 3693 1304 3733 ses

272 3788 485 3878 Consilioque
501 3805 628 3871 carent,
643 3806 741 3878 atque
759 3789 874 3854 ordine
892 3788 991 3854 rebus
1005 3791 1039 3852 in
1056 3790 1160 3854 arctis.

272 3901 348 3968 Non
365 3925 457 3968 secus
478 3903 612 3994 obliquo
632 3903 731 3970 flectit
746 3927 781 3970 se
800 3905 929 3969 tramite
944 3927 1093 3993 serpens,

275 4017 388 4106 Quum
404 4017 454 4084 sol
466 4041 637 4086 accensum
653 4019 750 4086 radiis
766 4020 911 4086 calefecit
928 4020 1046 4101 acutis,
