2958 4704
498 361 926 431 ARGONAUTARUM.
1178 369 1240 455 397

226 487 453 570 NAUPLlUS,
474 489 616 575 Neptuni
631 502 664 550 et
685 490 890 575 Amymones,
916 488 1016 552 Danai
1033 489 1119 570 fitia,
1140 490 1241 573 lilius,

183 598 338 685 Argivus,
366 593 519 660 omnibus
543 609 658 680 praeter
681 592 893 679 Apollodoro,
917 611 1125 660 memoratus.
1149 597 1245 660 Schn-

183 701 290 766 liastes
305 723 382 766 vero
399 699 560 788 Apollonii
583 697 623 762 ad
642 698 697 762 lib.
715 701 748 780 1,
771 721 817 763 rs.
837 698 915 778 133,
935 698 1018 762 duos
1036 701 1135 764 fuisse
1152 702 1246 765 Nuu-

177 805 261 894 piios
277 805 390 869 tradit:
415 804 504 868 hunc
525 803 624 868 luisse
642 819 783 867 veterem
799 803 944 891 Neptuni
956 802 1075 885 lilium,
1092 823 1125 870 et
1142 805 1245 895 Argo-¹

185 929 333 994 nauum,
350 913 447 976 alium
460 931 538 975 vero
557 913 680 991 exejus
697 911 832 998 posteris
846 897 1024 999 Nauplium
1033 937 1046 992 ,·
1064 929 1097 976 et
1110 928 1245 976 stemma

185 1019 229 1082 ita
254 1017 440 1082 deducitur:
461 1018 644 1103 Amymone
678 1015 791 1104 genuit
813 1015 989 1104 Nauplium
1012 1018 1247 1104 Argonautam,

187 1123 239 1187 ille
251 1125 411 1204 Proetum,
429 1122 482 1186 ille
495 1123 655 1201 Lernum,
675 1119 728 1185 ille
740 1121 944 1202 Naubolum,
971 1123 1024 1186 ille
1035 1123 1248 1210 Clytonaum,

187 1229 240 1292 ille
259 1228 399 1316 denique
419 1226 596 1316 Nauplium
621 1227 811 1291 secundum.
843 1227 882 1290 Et
904 1227 1032 1290 ridetur
1057 1229 1249 1316 Apollonius

188 1357 225 1398 ex
244 1334 341 1413 hujus
358 1333 534 1397 stemmatis
553 1331 749 1398 deductione
769 1331 946 1419 Nauplium
968 1333 1128 1395 minorem
1148 1333 1250 1398 filiunt

188 1439 335 1527 Clytonai
351 1454 491 1502 statuere
502 1439 740 1526 Argonautam,
760 1437 834 1502 licet
852 1459 897 1500 rs.
916 1437 975 1500 138
993 1437 1168 1524 Nauplium
1189 1463 1252 1502 ma·

185 1544 288 1623 jurem
308 1547 508 1632 Amymones
525 1541 625 1606 lilium
649 1541 818 1632 navigandi
840 1542 1069 1629 peritissimum
1088 1559 1251 1624 statuens,

189 1671 263 1712 eum
291 1648 487 1739 Argonautis
513 1669 681 1712 accensere
705 1663 814 1735 posset
838 1645 936 1709 credi.
964 1649 1059 1710 Certe
1085 1648 1251 1736 Orpheus,

189 1777 235 1818 vs.
250 1776 332 1835 ano,
348 1754 494 1842 Hyginus
515 1769 547 1817 et
563 1753 614 1816 alii
634 1775 709 1816 eum
727 1752 872 1840 Neptuni
888 1766 921 1815 et
937 1753 1134 1840 Amymones
1151 1753 1253 1818 filium

192 1859 324 1923 iaciunt.
344 1859 531 1924 lloelzlinus
552 1857 592 1922 ad
610 1857 838 1946 Apollonium,
862 1857 919 1920 ubi
941 1856 982 1920 de
997 1858 1092 1921 variis
1109 1859 1254 1946 Naupiiis

192 1967 272 2054 agit,
289 1965 356 2053 ipse
374 1964 547 2028 confundit
563 1981 717 2043 stemma,
744 1981 775 2027 et
793 1964 935 2027 Proetum
954 1961 1029 2028 facit
1046 1963 1183 2052 Nauplii
1196 1967 1255 2028 mi*

194 2072 281 2135 noris
310 2070 430 2150 filium,
464 2093 566 2157 quum
595 2070 692 2133 fuerit
721 2069 866 2149 majoris,
900 2083 930 2132 et
959 2069 1134 2156 Nauplion
1163 2087 1256 2157 putot

192 2175 344 2240 cumdem
360 2199 445 2256 esse,
462 2177 518 2263 qui
529 2175 618 2239 Abas
631 2173 750 2239 dicitur
762 2175 945 2256 Pausaniae,
969 2175 1024 2238 lib.
1042 2176 1090 2254 ll,
1117 2177 1176 2240 16:
1199 2176 1255 2240 sed

193 2281 247 2345 illc
258 2281 401 2346 diversus
411 2281 535 2346 Proetus
547 2282 627 2362 luit,
646 2282 794 2370 geminus
806 2280 918 2344 Acrisii
928 2279 1037 2360 frater,
1052 2279 1135 2344 filius
1151 2282 1257 2346 Aban·

180 2370 254 2469 tis,
270 2404 303 2452 et
315 2389 467 2478 Argivus3
485 2388 537 2450 hic
550 2409 628 2450 vero
643 2389 783 2468 Proetus,
796 2385 926 2473 Nauplii
940 2385 1043 2466 lilius,
1064 2385 1255 2452 Phocensis:

195 2515 270 2557 nam
292 2495 434 2558 Lernum
453 2509 486 2558 et
504 2492 690 2558 Naubolum
710 2492 809 2555 fuisse
833 2492 1033 2574 Phocenses,
1058 2492 1198 2558 vidimus
1222 2495 1255 2557 in

196 2597 309 2686 iphito.
328 2599 369 2661 Et
383 2599 438 2662 hic
451 2598 608 2685 Nauplius
623 2597 725 2676 major
737 2596 888 2660 conditor
899 2597 1062 2684 Nauplite,
1077 2613 1159 2661 teste
1173 2599 1257 2664 Pau·

195 2703 303 2784 sarria,
322 2702 377 2766 lib.
389 2705 441 2784 Il,
460 2701 520 2782 38,
541 2719 574 2766 et
583 2703 623 2782 V,
637 2699 697 2782 35,
718 2719 750 2767 et
766 2701 872 2765 Schol.
891 2701 1054 2789 Euripidis
1073 2703 1108 2764 in
1128 2704 1258 2788 Oreste,

198 2831 243 2872 vs.
259 2807 318 2889 54,
335 2823 367 2872 et
382 2807 552 2872 verisimile
571 2823 635 2888 est,
652 2808 789 2870 Lernam
807 2805 955 2893 paludem
976 2830 993 2869 u
1019 2807 1140 2888 Lerno,
1159 2809 1256 2872 Proeti

198 2912 276 2992 filio,
288 2911 418 2995 dictant,
431 2929 469 2975 ut
481 2929 514 2976 et
524 2913 564 2976 ab
574 2913 755 3000 Amymone
769 2911 841 2973 fons
854 2931 973 2972 nomen
985 2911 1017 2972 in
1032 2909 1145 2974 eodem
1156 2929 1260 2976 tractu

199 3035 291 3082 terroe
312 3018 445 3106 accepit.
470 3016 628 3104 Nauplius
652 3017 747 3080 etiam
774 3015 936 3078 familiaris
962 3016 1041 3078 Aleo
1065 3017 1143 3092 fuit,
1169 3019 1260 3098 cujus

196 3124 289 3204 jussu
306 3123 402 3187 liliam
412 3125 527 3211 Augen
541 3121 718 3186 necandam
732 3122 782 3184 vel
793 3119 996 3184 vendendam
1013 3121 1160 3204 tradidit,
1181 3139 1261 3187 teste
1296 3141 1301 3151 ·

200 3229 363 3313 Diodoro,
381 3230 436 3294 lib.
448 3229 502 3310 IV,
525 3253 597 3318 pag.
613 3229 693 3311 166,
719 3243 751 3292 et
762 3225 911 3316 Apollod.
927 3227 982 3292 lib.
997 3229 1065 3308 ΙΙΙ,
1088 3252 1129 3314 9,
1151 3236 1167 3310 §
1186 3253 1213 3312 1,
1231 3247 1262 3294 ct

170 3404 176 3413 ,
201 3337 298 3422 paulo
315 3337 406 3400 aliter
425 3336 561 3400 Pausan.
574 3336 670 3417 Vlll,
700 3333 774 3412 848.
797 3333 990 3398 Scholiastes
1007 3356 1083 3397 vero
1098 3337 1263 3422 Apollonii

201 3441 241 3506 ad
259 3441 314 3506 lib.
329 3441 385 3524 lV,
405 3464 499 3527 1091,
516 3465 555 3505 ex
571 3441 634 3505 hoc
648 3441 788 3528 Nauplio
804 3439 949 3527 Neptuni
966 3438 1047 3520 filio,
1065 3457 1176 3504 uatum
1195 3465 1264 3507 esse

202 3549 246 3610 ait
261 3551 467 3629 Damastora,
485 3546 671 3636 Pherecyde
683 3563 832 3628 auctore,
845 3569 882 3608 ex
898 3567 937 3608 eo
948 3567 1025 3608 vero
1035 3545 1263 3627 Peristhenen,

202 3651 278 3718 inde
304 3658 456 3734 Castora,
483 3671 514 3718 et
540 3677 579 3717 ex
606 3675 644 3716 eo
663 3651 891 3732 Androthoen,
913 3667 1048 3715 matrem
1075 3654 1206 3743 Dictyos
1233 3671 1265 3718 et

202 3759 392 3848 Polydectae.
424 3759 485 3822 Hic
509 3758 688 3846 Nauplius,
706 3779 809 3844 quum
833 3756 954 3843 Tiphys
983 3757 1144 3843 periisset,
1172 3761 1265 3846 petiit

204 3865 281 3929 clavi
295 3865 458 3952 regimem
474 3863 532 3928 sed
545 3864 694 3952 praelatus
708 3864 771 3926 l'uit
784 3867 939 3942 Ancaeus,
956 3878 1037 3925 teste
1050 3864 1198 3949 Apollod.
1215 3867 1264 3944 Il,

205 3972 286 4056 8983
300 3993 339 4034 ex
350 3971 454 4034 Flacci
468 3970 640 4051 sententia,
652 3969 803 4058 Erginus,
821 3969 920 4048 lih.V,
935 3967 988 4032 65.
1008 3969 1172 4056 Insignem
1187 3993 1264 4034 vero

205 4074 302 4138 fuisse
319 4074 386 4154 ejus
410 4075 580 4162 navigandi
599 4074 744 4163 peritiam
759 4089 795 4136 ‘et
815 4072 958 4137 sidorum
976 4073 1164 4154 scientiam,
1190 4073 1266 4138 inde
