2994 4702
223 327 286 420 ate
661 333 856 402 oneum

264 469 433 534 sulcantes
449 465 567 532 lluctus
582 468 737 533 Terncsia
752 469 847 534 litora
859 441 958 563 juxta.

266 581 345 647 Mox
361 581 448 645 etad
467 583 641 647 Herculeas
650 567 867 671 ¹pervenimus
880 580 958 646 inde
972 582 1152 647 columnas.

264 699 308 761 At
323 697 445 761 circum
461 698 634 785 scopulos,
654 713 752 786 atque
768 697 832 762 alta
854 698 1039 780 cacumina,
1054 696 1181 762 Baccho

264 810 423 893 Sacratos,
438 827 576 875 tenuere
593 811 651 876 diu
662 810 786 891 jejunia
802 812 920 878 tristes.

265 925 361 989 Tunc
377 947 527 1014 quoque,
542 925 591 990 sol
605 925 748 991 nitidum
762 949 867 1016 quum
882 949 916 994 se
933 926 1203 1015 proferremus,
1250 952 1301 992 nst

266 1039 399 1110 Directo
414 1040 546 1130 pelagus
567 1041 729 1106 sulcamus
743 1042 866 1132 remige
882 1043 1043 1130 glaucum.

266 1151 448 1217 Sardiniam
467 1154 547 1218 hine
560 1155 717 1244 petimus,
741 1153 938 1244 tandemque
957 1156 1113 1244 sinusque
1131 1153 1278 1236 Latinos,

217 1321 219 1332 .
269 1268 312 1331 Et
328 1290 411 1356 quos
428 1270 612 1336 Ausonium
629 1271 904 1359 Tyrrhenumque
924 1271 1018 1336 alluit
1033 1293 1155 1360 aequor.

266 1383 310 1445 At
329 1383 411 1448 freta
427 1383 600 1448 Trinacriae
618 1399 675 1448 tua
690 1385 774 1466 jam,
791 1384 953 1474 Lilyboee,
972 1400 1122 1450 tenentes
1193 1408 1196 1416 ·

265 1495 414 1587 AEquora
427 1499 602 1581 sentimus,
619 1495 847 1588 flammamque
864 1521 923 1588 per
938 1500 1002 1564 alta
1016 1500 1166 1565 videmus
1250 1521 1301 1563 nto

267 1611 385 1678 AEtnaei
403 1613 579 1696 Enceladi,
608 1614 704 1678 nobis
721 1615 839 1678 infesta
856 1614 1045 1680 minantem.

267 1730 352 1793 'lum
370 1751 508 1817 propere
525 1750 624 1816 super
638 1729 799 1798 insultans
813 1723 967 1794 enaestuat
984 1719 1089 1812 unda,

267 1844 442 1926 Ebullans,
461 1845 593 1932 altoque
612 1843 723 1908 fremit
737 1860 881 1910 torrente
896 1845 1098 1934 Charybdis3

268 1961 363 2026 Tunc
379 1960 475 2026 etiam
493 1975 652 2024 antennas
670 1959 788 2024 invasit
803 1959 931 2050 gurgite
946 1977 1057 2042 vasto,

267 2073 331 2139 Sed
345 2075 483 2163 puppim
499 2072 652 2138 adversus
669 2075 753 2162 rapit
771 2073 849 2137 hinc
866 2075 980 2157 simul,
995 2092 1028 2142 et
1046 2097 1154 2164 neque
1168 2099 1300 2142 cursum

266 2190 357 2255 Pone
373 2189 479 2277 sequi,
494 2211 556 2255 nec
578 2205 666 2254 retro
683 2187 780 2253 datur
797 2188 981 2254 subducere
998 2191 1125 2273 navim,
1250 2213 1301 2257 nte

266 2305 471 2394 Gurgiteque
487 2302 623 2368 obducti
637 2302 703 2382 jam
720 2304 1007 2392 circumvolvimur
1023 2305 1089 2372 illo.

264 2421 358 2484 Tunc
371 2419 469 2484 etiarn
487 2439 630 2506 preceps
646 2417 812 2508 submergi
826 2433 966 2507 crepent
981 2421 1089 2510 Argo,

267 2534 310 2602 Ni
324 2532 508 2599 veneranda
523 2533 630 2598 virum
646 2533 732 2598 senis
748 2533 868 2623 inclyta
890 2515 964 2598 nata
981 2536 1097 2600 marini

267 2649 439 2714 Viventem
455 2663 596 2738 optasset
613 2648 804 2738 contingere
817 2649 912 2714 Pelea
928 2671 1101 2740 magnum,
1247 2674 1298 2714 ηε»

267 2765 454 2854 Blandaque
470 2764 513 2829 de
531 2764 679 2830 thalamis
696 2765 839 2830 venisset
852 2763 893 2829 ad
912 2765 975 2832 alta
992 2769 1153 2855 paternis,

266 2885 405 2972 Argoam
421 2897 455 2946 et
469 2903 613 2970 puppem
629 2903 723 2946 coeno
741 2878 906 2944 eduxisset
922 2880 963 2944 ab
982 2881 1060 2946 imo.

311 2993 407 3060 Haud
421 2996 537 3083 procul
550 2995 628 3058 ltine
642 2995 726 3059 vecti
743 2995 879 3083 scopulo
894 2995 1100 3062 succedimus
1115 2999 1217 3063 altum

266 3113 305 3176 In
326 3133 415 3176 mare
432 3103 600 3200 porrecto;
618 3111 755 3200 geminis
769 3111 848 3175 hinc
865 3110 943 3175 inde
962 3135 1132 3179 recurrens

267 3225 382 3306 Unda,
398 3247 590 3314 repercusso
606 3237 737 3288 resonat
754 3247 812 3314 per
827 3226 922 3290 litora
937 3247 1031 3309 saxo,

266 3339 435 3406 Fluctibus
450 3355 483 3406 et
500 3355 596 3428 gratae
609 3339 746 3404 veniunt
758 3362 777 3403 a
792 3339 941 3404 cautibus
955 3363 1051 3407 aure.

192 3541 194 3546 ,
265 3455 334 3521 illie
348 3452 534 3518 mellifluam
550 3451 727 3523 residentes
744 3477 802 3519 ore
818 3456 934 3543 puellae

265 3573 354 3636 Dant
369 3591 499 3651 vocem,
516 3562 689 3657 redituque
707 3585 818 3634 carent
832 3593 890 3658 per
904 3571 1048 3637 carmina
1067 3590 1184 3639 nautae.

264 3689 307 3752 Et
320 3686 387 3767 jam
401 3701 473 3750 turn
486 3683 614 3772 Minyas
627 3685 745 3750 invasit
763 3687 863 3775 gratia
881 3703 996 3752 cautus

265 3803 435 3883 Sirenum,
453 3799 633 3890 validisque
649 3823 748 3866 sonos
765 3819 985 3869 transcurrere
1003 3806 1099 3870 remis
1246 3828 1296 3866 „so

264 3919 387 3983 Letales
402 3939 493 3982 meus
509 3919 598 3984 nulla
614 3919 694 4000 tuit,
709 3918 925 4008 manibusque
938 3921 1120 3989 remittunt.

258 4035 452 4116 Quinetiam
470 4036 606 4098 Ancaeus
623 4052 789 4099 temonem
809 4035 849 4099 ad
866 4036 959 4100 litora
980 4037 1092 4118 vertit,
