3006 4676
244 373 308 438 250
408 373 492 437 PIO
519 353 1149 456 AUC'rortmstJPiLEMENTA

167 503 172 514 ’
287 505 463 587 Obsecrat,
486 521 519 570 et
536 504 663 570 blandis
681 505 845 573 demulcet
866 521 997 596 pectora
1011 503 1140 568 verbis:
1290 517 1316 555 ⁸⁵

332 620 384 683 «0
398 618 502 684 dulcis
520 619 657 704 conjux,
672 643 859 709 oppressam
871 619 1001 708 AEetida
1016 619 1102 682 curis

287 733 422 816 Exime„
435 755 507 820 quae
520 732 648 821 Minyas
664 731 980 824 fovit,'cognataque
988 733 1081 799 Graii

288 825 391 911 Arma*
410 846 520 928 ducis,
538 847 729 936 facilemque
746 848 806 938 piis
822 870 857 912 se
870 848 1011 936 praebuit
1027 847 1122 912 ausis.

289 961 438 1025 Proxima
461 983 560 1050 regna
582 977 671 1026 tenet
686 961 783 1026 nobis
799 961 915 1052 Argiva
924 961 1098 1044 juventus,

287 1077 390 1142 AEetae
405 1077 545 1150 multum
567 1075 718 1143 distantia
738 1101 837 1168 regna
854 1079 993 1166 tyranni.
1040 1139 1041 1146 ,

288 1183 404 1258 Infelix
420 1196 519 1281 'quem
542 1213 608 1258 non
635 1193 787 1260 Hecateia
801 1194 894 1284 virgo
910 1193 1075 1260 moveret?
1163 1267 1166 1276 ,

288 1311 384 1401 Certe
399 1311 546 1374 animum
564 1327 775 1399 mentemque
791 1333 895 1375 meam
915 1310 1111 1392 commovit3
1128 1309 1234 1396 iniqui

288 1425 338 1488 Ne
354 1425 452 1514 patris
471 1424 532 1493 sub
548 1426 622 1506 jura
639 1424 723 1490 sinas
737 1425 903 1506 adducier‚
922 1440 1004 1490 orat.

288 1539 329 1604 Se
344 1555 438 1628 putat
451 1561 521 1606 esse
537 1558 629 1629 pater
642 1541 774 1623 laesum,
795 1540 886 1629 quod
902 1540 1049 1606 cantibus
1069 1561 1210 1630 anguem

286 1654 410 1743 Sopivit
425 1656 574 1746 magicis,
592 1673 770 1745 taurosque
787 1654 829 1720 ad
846 1671 950 1720 aratra
967 1655 1097 1745 subegit
1288 1673 1313 1722 ⁹⁵

286 1771 472 1860 ignivomos
488 1770 540 1858 pia
555 1771 666 1860 virgo;
685 1787 811 1836 trucem
825 1771 910 1862 fugit
930 1769 1024 1835 anxia
1045 1785 1189 1858 patrem,

286 1890 334 1950 Ac
347 1886 448 1974 patris
464 1885 613 1975 ingentes
629 1888 691 1950 iras
705 1901 738 1950 et
756 1886 892 1950 barbara
908 1883 1027 1949 corda:

286 2001 423 2065 Munere
439 2023 526 2088 quo,
544 1999 723 2089 officiisque
743 2003 836 2066 novis
854 2022 1026 2089 persuasus
1043 2000 1138 2064 Iason

286 2119 466 2208 Perpetuos
478 2118 620 2208 spondet
633 2119 809 2204 thalamos,
833 2135 866 2183 et
880 2118 1000 2183 foedera
1013 2117 1088 2182 lecti

284 2235 479 2299 Intemerata
491 2234 560 2316 sui,
576 2235 693 2322 patrias
713 2257 816 2323 quum
831 2233 997 2298 advenerit
1009 2255 1092 2296 oras.

195 2399 198 2408 .
284 2348 371 2437 Ergo
388 2349 477 2436 pios,
498 2369 554 2414 rex
572 2349 679 2431 juste,
702 2349 801 2414 fove:
822 2348 973 2438 perjurus
999 2349 1114 2429 Iason,

284 2464 317 2528 si
330 2464 415 2551 patri
426 2461 596 2546 reddatur,
610 2463 692 2546 erit,
706 2464 787 2554 quin
803 2464 946 2553 percitus
964 2465 1011 2529 ira

285 2576 445 2664 Praecipiti
468 2577 597 2665 genitor
614 2576 679 2642 rita
702 2576 853 2666 spoliaret
877 2594 1064 2642 amantem:

283 2694 321 2755 ln
340 2707 430 2756 natas
448 2691 569 2756 etenim
586 2692 733 2781 proprias
753 2709 787 2756 et
803 2693 941 2782 pignora
957 2693 1074 2780 iniqui·

285 2806 362 2870 Esse
379 2806 499 2889 solent,
513 2807 617 2896 posita
633 2805 798 2872 interdum
814 2809 948 2898 pietate,
969 2824 1131 2895 parentes.
1275 2823 1312 2862 ¹0⁵

284 2922 460 3011 Antiopam
474 2922 619 3011 Nycteus
637 2923 742 3011 poenis
756 2923 865 2992 affecit
877 2923 1020 3004 acerbis,

281 3037 322 3102 Et
337 3038 436 3126 patris
452 3037 524 3102 irati
539 3039 649 3104 Danae
665 3059 816 3127 perpessa
831 3037 978 3101 furorem
994 3049 1053 3102 est.

281 3154 440 3216 incensus
458 3173 564 3241 nuper
581 3151 673 3216 furiis
689 3150 879 3217 miserabilis
895 3151 991 3218 orbes

281 3265 430 3332 Sidereos
448 3265 590 3331 Echetus
607 3281 689 3330 natae
707 3263 855 3330 confodit
871 3266 992 3346 acutis,

281 3382 388 3448 Proh!
402 3381 560 3462 stimulis,
578 3379 743 3470 adigitque
756 3381 844 3444 ferus
859 3400 950 3449 nunc
963 3382 1111 3468 frangere
1128 3400 1205 3442 saxo
1274 3411 1311 3434 no

281 3492 426 3575 Hordea,
443 3492 683 3581 candentesque
700 3493 785 3558 mola
800 3493 922 3560 foedare
937 3494 1107 3559 lacertos».

294 3634 298 3643 ⁸
324 3609 466 3672 Tantum
483 3606 598 3689 effata,
614 3608 722 3672 virum
739 3631 832 3674 curas
851 3607 978 3674 diducit
995 3609 1030 3672 in
1047 3630 1173 3671 omnes.

280 3725 411 3788 Aretem
425 3720 476 3786 his
494 3721 615 3804 conjux
632 3723 753 3788 solatus
771 3723 906 3788 vocibus
923 3722 1018 3788 infit:

322 3833 529 3900 «barbaricos
546 3852 659 3900 nostro
675 3837 814 3904 Colchos
831 3839 990 3928 expellere
1004 3855 1106 3903 marte

279 3947 356 4012 Non
370 3945 535 4032 dubitem,
552 3949 598 4016 sic
612 3949 703 4041 'virgo
718 3953 882 4034 animum,
900 3953 946 4016 sic
962 3951 1049 4017 flexit
1066 3953 1172 4018 Iason
1272 3977 1308 4014 ηε

281 4061 437 4149 spernere
457 4062 513 4130 sed
536 4065 635 4130 timeo
652 4067 731 4131 recti
749 4067 798 4154 pia
814 4067 886 4146 jura
902 4067 1059 4131 Tonantis
1074 4092 1083 4152 3
