3006 4676
572 343 958 412 ARGONAUTICA.
1236 350 1298 416 285
1438 395 1441 408 .

276 477 372 542 Solus
383 477 419 542 in
433 477 583 544 humenis
595 475 667 543 visu
679 475 860 566 penetruvit
874 490 981 542 scuto.
1065 555 1068 563 q

275 589 496 680 Consequitur
505 591 680 674 Telemon,
698 589 791 656 fortis
807 605 897 678 pater
910 588 1028 656 AEecus
1044 591 1107 675 illi,

274 703 450 793 Splendida
466 705 520 772 cui
537 703 814 794 nubensAEgine,
830 703 973 792 potentis
985 704 1085 794 Asopi
1259 727 1295 764 os

273 817 371 904 Nate,
388 819 479 888 dedit
492 819 667 909 pulchrum
683 819 849 886 Salamine
865 818 899 882 in
917 818 1010 884 litore
1025 833 1166 908 partum.

273 930 410 998 Martius
429 933 480 1000 his
497 932 614 998 Idmon
632 931 754 998 nothus
773 945 1007 996 annumeratur
1020 929 1173 1017 Abantis,

273 1045 382 1130 Quem
400 1046 442 1112 de
460 1045 641 1112 concubitu
657 1045 822 1136 generavit
837 1045 996 1133 Apollinis
1011 1044 1091 1110 olim

272 1160 406 1228 Circum
420 1161 546 1228 divinos
559 1162 705 1230 animosa
717 1159 866 1226 Pheretis
879 1157 1007 1224 fluctus.

271 1273 357 1340 Huic
374 1274 522 1364 prescire
538 1273 646 1357 dedit,
662 1273 741 1339 huic
752 1295 903 1363 promere
914 1295 996 1338 voce
1008 1271 1119 1340 futuru
1261 1307 1269 1334 t

270 1385 427 1474 Phoebus,
445 1407 485 1456 ut
502 1390 625 1456 utiliter
638 1389 726 1482 genti
742 1388 953 1456 memorande
967 1389 1130 1479 loqtmtur.

313 1502 419 1570 difuit
434 1520 467 1570 et
484 1505 635 1592 linquens
654 1503 804 1592 Opoente
820 1503 994 1582 Menoetius
1009 1523 1135 1596 ugrum.

269 1617 405 1684 Vicinus
421 1619 559 1708 Minyis,
574 1617 664 1684 venit
679 1639 811 1706 quoque
826 1615 920 1682 divus
932 1617 1054 1683 Oileus.

268 1734 413 1824 lnclytus
428 1735 480 1800 bis
496 1733 608 1800 aderet
621 1731 764 1816 Phloees,
776 1753 876 1822 quem
890 1747 1025 1822 propter
1035 1733 1154 1799 emoeni

266 1845 377 1940 AEsepi
393 1849 478 1938 ripas
495 1847 621 1914 Baccho
639 1864 688 1913 est
707 1847 800 1912 enixe
814 1846 941 1936 puella,
1259 1868 1293 1916 ιφ

265 1960 431 2051 Insignem
447 1960 568 2043 forma,
582 1975 616 2024 et
629 1957 783 2049 prudenti
796 1975 928 2049 pectore
944 1959 1077 2024 clarum.

265 2073 415 2164 Cepheus
431 2073 569 2141 Arcadia
585 2061 746 2140 concessit
760 2089 794 2138 et
808 2073 877 2162 ipse
893 2071 1022 2154 relicte,

263 2189 468 2278 Ancoeusque
483 2209 581 2253 senex
593 2188 714 2254 Euxini
730 2187 771 2253 ed
789 2188 883 2254 litore
900 2188 995 2278 ponti

262 2303 362 2368 lussit
373 2302 415 2368 ub
429 2301 566 2368 Arcadis
579 2317 672 2392 peter
686 2323 753 2366 una
766 2301 922 2366 heroibus
938 2303 996 2367 ire.

262 2419 324 2485 Hic
340 2418 487 2485 humeris
505 2418 612 2484 nullos
630 2417 743 2483 validis
762 2415 892 2482 induxit
910 2416 1067 2498 amictus,

264 2531 330 2598 Sed
341 2530 484 2623 rigidum
496 2531 589 2621 pellis
604 2533 689 2596 letus
702 2553 781 2596 urso
799 2530 877 2595 texit
891 2528 1054 2618 adempte.

260 2645 421 2734 Nauplius
436 2646 621 2734 insequitur
635 2647 836 2735 Amymones
852 2667 924 2710 cere
940 2667 1103 2736 propago,

263 2757 373 2842 Quem
387 2759 463 2824 tulit
477 2758 596 2824 illustri
611 2758 768 2847 Neptuno
781 2756 929 2841 subdite,
946 2758 1086 2847 pulchro

260 2873 406 2962 Corpore
422 2870 471 2938 dis
487 2872 644 2954 similem,
662 2887 696 2937 et
711 2873 877 2960 prestanti
891 2871 1011 2938 robore
1027 2855 1163 2939 clarumss

302 2985 431 3052 Vertice
446 2984 600 3055 Taensteo
616 2983 706 3050 venit
721 2983 912 3050 Meleutidos
930 2987 1017 3069 alto,

258 3098 404 3164 Aulonss
418 3098 571 3188 linquens
587 3100 700 3183 simul,
719 3098 962 3189 undisonesque
971 3098 1168 3190 Therapnas.

260 3213 357 3278 Venit
369 3229 402 3280 et
416 3216 571 3296 Ancseus,
584 3214 638 3280 cui
652 3215 777 3303 cyclos,
791 3213 911 3302 cuique
927 3215 1070 3305 planetes
1207 3279 1209 3284 .

257 3326 361 3393 Nosse
374 3327 505 3411 dutum,
526 3344 559 3393 et
574 3329 709 3394 summis
723 3328 815 3418 quod
828 3329 900 3413 iter,
913 3329 1126 3413 Pleuronius,
1140 3331 1252 3415 astris,

256 3441 352 3509 Unde
366 3443 458 3532 quod
475 3459 508 3509 et
521 3467 680 3534 presens,
702 3459 736 3512 et
751 3468 824 3536 qrrae
838 3463 974 3512 ventura
989 3446 1136 3513 canebat.

256 3556 383 3623 Deinde
397 3557 611 3625 Pslaemonius
629 3559 726 3624 Lerni
739 3559 880 3644 nothus,
900 3577 1039 3649 utreque
1051 3563 1141 3627 venit
1251 3597 1290 3624 ate

124 3691 127 3697 ·
256 3671 364 3738 Laesus
379 3695 475 3738 crtrrs
488 3672 584 3755 licet,
604 3673 808 3763 pedibusque
824 3697 885 3740 neo
899 3675 1045 3764 ambulat
1059 3677 1176 3764 equis,

255 3787 470 3877 vulcanoque
485 3786 560 3854 ideo
577 3789 724 3880 genitum
741 3788 782 3854 de
798 3805 889 3878 petre
905 3789 1073 3856 vocabunt.

254 3903 354 3966 Venit
371 3919 420 3988 et,
434 3903 559 3992 Alphei
575 3903 671 3992 ripis,
688 3903 836 3992 Pisisque
855 3904 991 3984 relictis,

253 4016 347 4082 Pstre
368 4033 455 4114 satus
474 4041 592 4110 magno
613 4021 741 4110 Aegeas
762 4017 802 4082 de
822 4019 896 4083 Sole
910 4041 1055 4104 corusco.
