2994 4702
484 320 926 388 nnoonntttuttunt.
1172 322 1234 388 335

170 450 266 540 pyleu
292 447 436 537 reginam
460 445 574 510 Lemni
604 444 692 510 dicit.
716 442 813 532 Apud
833 443 987 525 Statium,
1003 443 1107 508 Theb.
1127 443 1236 526 lib.V,

172 556 255 635 406,
269 551 401 642 quidam
419 549 546 616 codices
559 549 739 614 AEtltalium
756 548 896 629 habent3
913 547 970 613 sed
984 548 1135 614 Barthius
1149 567 1237 615 reete

172 657 316 726 ostendit
333 658 511 746 vulgatam,
534 657 580 724 Et
602 656 761 736 Talaum,
788 653 960 718 lectionem
976 675 1045 719 esse
1062 656 1237 742 praeferen-

173 764 268 847 dam,
292 785 489 852 quamquam
512 761 552 826 ab
570 762 703 849 Orpheo
718 761 824 826 solum
840 760 932 824 ilium
951 781 1020 824 esse
1037 759 1235 825 celebratum

173 892 342 958 perperam
369 867 515 932 affirmat.
540 866 721 930 AEthalium
742 865 837 930 edarn
860 877 1019 930 memorat
1038 865 1173 930 Ovidius
1203 868 1240 930 in

174 975 267 1056 Ibin,
280 973 361 1054 621,
376 973 431 1036 uhi
449 987 481 1036 et
496 971 685 1036 AEthaliden
705 969 837 1058 quidam
854 970 999 1053 codices;
1024 971 1081 1036 sed
1098 996 1137 1036 ex
1155 995 1242 1038 eom·

176 1077 409 1156 mentatorihus
436 1091 586 1168 apparet,
616 1075 706 1139 illum
734 1073 858 1156 adhue,
881 1077 953 1163 quis
979 1076 1093 1159 fuerit,
1128 1080 1239 1167 quari.

176 1183 364 1248 AEtltahiien
379 1183 532 1248 Mercurii
548 1181 651 1247 [ilium
669 1181 764 1246 etiam
780 1180 890 1246 laudat
905 1182 1002 1246 simul
1023 1205 1097 1247 eum
1115 1185 1240 1252 Aristea

177 1307 210 1356 et
219 1290 287 1355 aliis
298 1291 404 1354 Tacta.
414 1287 551 1353 Chiliad.
564 1289 620 1368 IV,
635 1309 707 1377 pag.
722 1287 888 1368 68,versu
907 1287 984 1370 520,
997 1288 1165 1372 intereos,
1181 1291 1239 1382 qui

177 1409 282 1458 morte
297 1410 331 1457 et
345 1394 431 1476 vita,
449 1410 485 1476 τῷ
507 1401 666 1470 &eumerus
687 1402 729 1456 sat
746 1403 808 1474 ζῆν,
824 1392 953 1480 gloriari
967 1407 1115 1481 poterant
1128 1418 1135 1460 :
1150 1395 1239 1484 quod

177 1499 355 1564 illustratur
379 1520 418 1562 ex
433 1499 538 1562 Laert.
556 1497 612 1561 lib.
628 1497 724 1578 VIII,
740 1507 755 1574 ς
771 1501 809 1579 4,
828 1496 885 1560 ubi
901 1495 1097 1586 Pythagoras
1121 1498 1240 1564 dicitur

177 1605 219 1670 de
233 1627 267 1669 se
282 1603 489 1692 praedicasse,
508 1603 606 1668 fuisse
622 1626 657 1668 se
672 1600 847 1690 aliquando
864 1601 1068 1684 AEttatidm,
1088 1605 1241 1672 Mercurii

179 1710 301 1793 filium,
318 1712 376 1799 qui
390 1733 408 1774 a
422 1727 511 1799 patre
527 1711 687 1787 obtinuit,
706 1726 744 1774 ut
759 1710 823 1774 vita
837 1709 988 1792 functus,
1006 1713 1154 1780 omnium
1170 1737 1244 1802 quoe

180 1817 423 1907 contingerent,
438 1816 627 1880 memoriam
641 1815 790 1896 haberet3
805 1837 876 1902 quae
891 1813 1004 1879 eadem
1017 1816 1086 1881 fere
1102 1818 1245 1884 Scholia·

180 1940 243 1988 stes
260 1923 411 2011 Apellen,
425 1921 490 1990 lib.¹
500 1923 531 2003 I,
547 1921 623 2000 644.
637 1922 721 1986 Male
737 1921 805 2002 ille,
822 1921 878 2008 qui
896 1919 1040 1986 Morerio
1056 1922 1172 2003 adjecit
1185 1926 1246 1991 ob·

181 2029 391 2118 servationes,
413 2025 622 2115 reprehendit
636 2027 670 2090 in
693 2049 751 2107 eo,
767 2023 857 2112 quod
880 2024 1007 2090 donum
1024 2029 1188 2094 memoriae
1204 2031 1245 2095 ad

183 2134 307 2215 omnia,
321 2155 393 2220 quae
408 2134 442 2196 in
460 2131 526 2195 vita
540 2147 572 2196 et
591 2145 819 2220 postmortem
836 2132 970 2213 iecerat,
987 2133 1157 2217 extendat,
1177 2137 1247 2225 ipse

181 2258 258 2302 vero
284 2237 449 2326 restringit
475 2251 602 2300 tantum
621 2235 662 2300 ad
685 2235 999 2323 metempsychoses,
1027 2261 1165 2325 quarum
1193 2243 1246 2307 ille

182 2338 375 2406 meminerat
396 2340 574 2424 variarum,
593 2340 646 2404 alii
667 2361 745 2404 vero
768 2339 860 2404 obliti
883 2356 985 2405 erant.
1004 2340 1067 2406 Sed
1085 2342 1245 2434 Diogenes

183 2449 327 2513 Laertius
347 2447 513 2512 manifeste
536 2445 630 2528 dicit,
646 2447 737 2510 illum
753 2445 882 2533 petiisse
897 2469 916 2510 a
930 2447 1096 2513 Mercurio
1111 2465 1192 2525 ζῶντα
1206 2463 1250 2516 καὶ

183 2569 335 2618 τιλιυτῶντα
346 2564 442 2636 μνήμην
456 2565 518 2632 izers
530 2571 578 2616 τῶν
594 2561 792 2633 capiendarum
802 2569 834 2616 et
844 2549 1044 2636 additillum,
1052 2555 1131 2620 dum
1141 2558 1250 2624 adhuc

184 2659 321 2742 vireret,
339 2659 486 2724 omnium
504 2651 707 2740 meminisse,
722 2675 755 2722 et
772 2675 847 2746 post
862 2675 1000 2724 mortem
1014 2683 1154 2727 servasse
1168 2687 1252 2730 eam·

185 2765 259 2830 dem
282 2767 489 2846 memoriam,
509 2781 541 2828 et
557 2781 638 2828 tunc
664 2764 797 2828 demum
821 2785 881 2851 per
898 2769 1192 2856 metempsychosin
1215 2774 1249 2835 in

186 2870 402 2959 Euphorbum
429 2871 606 2950 transiisse,
632 2885 664 2932 et
689 2869 733 2932 ita
760 2890 869 2956 porro.
895 2868 984 2933 Nihil
1001 2895 1078 2961 ergo
1106 2897 1250 2940 censurae

153 3059 157 3070 Ι
186 2991 331 3042 meretur
347 2975 518 3040 Morerius.
539 2977 643 3039 Porro
660 2975 713 3038 hie
728 2973 909 3038 AEthalides
927 2977 1043 3040 Iasona
1061 2979 1156 3043 etiam
1174 3005 1250 3070 pro·

185 3085 308 3172 pinqua
321 3082 513 3170 cognatione
530 3079 950 3170 contingebat2Eupolemia
966 3077 1053 3146 enim
1069 3101 1170 3149 mater
1183 3105 1251 3153 erat

188 3187 250 3252 filia
266 3185 499 3276 Myrmidonis,
520 3187 574 3250 hic
590 3209 668 3251 vero
683 3209 817 3250 uxorem
836 3185 951 3250 habuit
973 3187 1148 3273 Pisidicen,
1164 3193 1251 3260 AEoli

190 3293 303 3376 filiam,
316 3310 349 3358 et
361 3292 491 3358 Crethci
505 3314 649 3357 sororem
665 3289 830 3379 (Apollod.
840 3291 892 3355 lib,
911 3293 1024 3382 I,cap.
1037 3295 1083 3383 7).
1103 3299 1250 3366 Eustath.

189 3398 230 3463 ad
254 3399 387 3464 Homer.
408 3396 498 3462 Iliad.
519 3399 550 3479 I,
571 3395 651 3473 338,
671 3395 749 3460 dicit
766 3396 1007 3486 Myrmidonem
1023 3402 1109 3466 Jovis
1128 3403 1251 3487 filium,

190 3505 257 3586 ejus
273 3507 406 3580 Actora,
425 3505 481 3591 qui
496 3504 589 3568 duxit
603 3503 770 3591 AEginam,
786 3519 957 3592 postquam
971 3527 1010 3569 ex
1024 3508 1103 3571 Jove
1114 3509 1252 3577 AEacum
1298 3555 1302 3562 -

191 3609 357 3692 edidisset,
376 3626 407 3673 et
421 3606 496 3674 inde
517 3610 630 3700 genuit
652 3609 703 3672 ille
722 3608 931 3690 Menoetium;
953 3608 1040 3675 idem
1063 3615 1130 3678 fere
1147 3636 1256 3684 narrat

189 3713 485 3797 adniad.11,684.
617 3761 625 3780 .

154 4031 160 4036 .
190 3951 196 3960 '
238 3973 447 4040 numanus.
475 3976 536 4040 nic
554 3973 755 4065 apollodoro
780 3991 997 4057 memoratus,
1020 3977 1256 4042 atttsomnuus

193 4077 370 4165 ignoratur.
387 4079 472 4144 Dicit
483 4103 557 4146 eum
571 4080 671 4146 hlium
684 4079 811 4160 Martis,
825 4097 857 4144 et
865 4080 974 4170 jungit
986 4083 1166 4169 Ascalapho
1181 4097 1259 4146 tam·
