3002 4680
263 345 306 411 68
386 344 439 408 ΙΝ
466 345 552 432 ΜΒ.
576 343 774 408 SEXTUM
804 344 1192 413 ARGONAUTICON

263 457 378 512 Ortelins
393 457 421 508 in
433 457 521 510 Leric.
537 457 689 528 Geogmph.
707 455 741 509 ed
754 473 846 509 vocem
860 459 968 508 Hbisena
986 457 1041 510 bec
1051 459 1103 510 ait:
1118 483 1129 505 ι
1140 459 1253 531 Scythis
1269 460 1318 514 liu-

264 541 323 596 vius
334 560 340 595 :
355 560 406 596 vox
418 541 483 593 milri
493 542 580 612 ignote
591 557 598 604 ;
609 559 642 592 sn
653 544 850 607 Borysthenaqae
861 557 910 609 pro
921 557 951 592 en
962 540 1084 592 substitui
1095 540 1188 594 debeat
1197 580 1204 604 ‚
1214 541 1319 595 videant

263 625 359 696 quibos
375 623 495 678 codicum
506 635 624 676 veterum
640 623 712 694 eopia
729 636 781 676 est:
798 623 850 674 hoc
863 623 935 686 scio,
951 624 1083 688 Tabulam,
1098 643 1176 696 qnam
1196 625 1320 679 hocloco

262 711 342 762 refert
354 709 477 768 Flaccus,
490 707 603 759 describi
615 705 649 758 ab
658 705 783 760 Herodoti
793 705 956 776 Melpomene
971 707 997 758 in
1007 705 1090 778 Hylen
1102 706 1221 780 regione,
1232 709 1319 761 vicina

264 790 419 864 Borystheni
429 816 451 842 ι.
461 821 495 831 -
505 790 554 842 Pro
566 795 697 855 Myracen,
712 790 802 860 ignoto
811 789 934 850 nomine,
947 788 1008 842 Pius
1019 807 1049 842 sc
1058 803 1118 861 post
1126 807 1187 842 eum
1197 791 1319 844 Heinsius

263 884 416 946 proponunt
427 878 559 938 T'rnyracen
570 881 696 924 eontrnot.
710 891 759 943 pro
772 876 938 935 Tamyracen,
954 889 1049 925 nomen
1065 873 1137 926 urbis
1149 873 1274 946 scythin,
1288 893 1318 926 no

263 955 436 1028 promontorii
448 957 474 1008 in
488 955 572 1026 Hylen
581 956 688 1026 regione
701 955 788 1026 positi.
800 955 866 1020 Qum
876 959 1026 1030 conjectura
1045 977 1077 1011 eo
1092 959 1249 1029 ingeniosior
1262 973 1317 1020 est,

262 1051 287 1093 et
298 1039 383 1111 aptior
396 1039 458 1091 huie
476 1039 552 1100 loco,
566 1035 638 1110 quod
652 1055 712 1090 cum
729 1037 854 1090 Herodoti
873 1037 960 1090 lnbuln
971 1077 978 1104 ,
991 1057 1070 1112 quem
1082 1041 1202 1093 Valerius
1214 1039 1325 1093 videtur·

261 1123 434 1194 expressisse,
452 1121 583 1175 convenit.

296 1275 330 1328 V.
343 1273 385 1328 53.
402 1277 491 1329 Ossncta
499 1277 616 1341 phalanx
628 1275 725 1340 insigne
736 1275 815 1332 Iovis,
828 1277 964 1340 solataque
972 1289 1052 1341 gestat

404 1360 521 1425 Tegmina
534 1360 654 1425 dispersos
664 1357 749 1425 tn'fidis
759 1359 886 1406 ardoribus
896 1358 971 1424 ignes.

266 1484 380 1553 Tegmina
392 1482 428 1536 nil
445 1480 518 1536 eliud
531 1493 592 1534 sunt
604 1497 682 1553 quem
700 1494 777 1532 scrita.
792 1478 834 1532 sic
847 1479 988 1550 Virgilius,
1003 1481 1062 1531 AEu.
1078 1480 1133 1545 lx,
1152 1479 1219 1533 516:
1236 1499 1317 1530 anno-

261 1585 361 1634 rumque
378 1567 473 1617 resolvis
490 1568 619 1634 Tegmina,
635 1565 680 1617 uhi
698 1582 818 1616 amonim
837 1566 944 1639 tegmina
960 1577 1023 1616 sunt
1042 1563 1128 1636 clypei
1144 1563 1172 1616 in
1183 1562 1319 1618 testudinis

262 1650 374 1722 speciem
389 1667 467 1721 super
480 1649 565 1719 capite
574 1647 684 1702 densati.
697 1648 731 1700 T.
743 1647 851 1710 Livius,
861 1647 916 1712 IX,
930 1666 976 1716 19,
990 1649 1025 1701 sit
1036 1649 1212 1700 Romanorum
1226 1664 1318 1701 sennim

260 1739 343 1808 majus
352 1753 407 1788 esse
417 1733 521 1804 corpori
533 1747 704 1802 tegimentum,
716 1751 795 1803 quom
807 1733 1062 1804 Carthaginiensium
1072 1733 1206 1806 elypeum.
1217 1735 1283 1786 Sunt
1293 1744 1318 1786 et

260 1819 312 1873 ulia
323 1817 440 1889 exemplo
451 1819 563 1885 tegminis
573 1835 622 1887 pro
637 1831 704 1867 scuto
716 1815 842 1880 adhibiti;
853 1817 927 1888 Virg.
939 1819 997 1871 AEn.
1014 1819 1066 1883 tx,
1082 1819 1130 1888 577
1143 1837 1150 1870 τ
1165 1822 1205 1871 ille
1219 1839 1316 1870 mamm

258 1906 367 1971 projecto
376 1900 488 1972 tegmine
497 1904 595 1951 demens
606 1903 650 1951 Ad
656 1905 747 1951 vuinus
760 1903 827 1959 talin·
843 1900 884 1962 X,
897 1900 948 1971 887
961 1919 967 1951 :

400 2019 527 2064 immunem
539 2026 609 2063 aersto
621 2017 754 2064 ‹tirsumlert
765 2019 861 2079 tegmine
870 2017 961 2070 silvam

262 2141 286 2191 V
287 2140 384 2194 alerius
396 2180 403 2205 ,
414 2139 444 2204 1,
455 2138 505 2204 453
517 2156 523 2190 :

405 2253 761 2282 .......................
762 2245 813 2282 eost
824 2251 892 2281 sures
905 2235 975 2280 fluctu

401 2310 509 2369 Tegmina
524 2309 667 2356 Clnloidioss
681 2311 771 2372 lugiens
785 2309 884 2371 Euripus
895 2326 982 2357 arenas.

263 2426 381 2491 Tegmina
392 2426 480 2474 calata
493 2426 571 2492 ignes.
582 2423 665 2479 Simili
677 2425 813 2506 graeeismo
821 2427 876 2496 jem
888 2444 950 2478 usus
964 2437 1002 2479 est
1013 2427 1131 2480 Valerius
1141 2465 1147 2490 ,
1158 2429 1187 2492 1,
1199 2436 1260 2493 los:

397 2548 457 2592 Tum
467 2547 545 2593 celate
556 2557 630 2594 metus
641 2548 698 2594 slios
710 2547 772 2609 gerit
783 2564 846 2594 arma
858 2548 969 2596 Eribotes.

261 2671 337 2732 Ignes
350 2666 452 2732 dispersi
459 2665 542 2734 trifidis
552 2667 686 2717 ardoribus.
699 2664 859 2737 Periphrnsis
868 2687 917 2741 pro
923 2670 1049 2738 finiminis,
1062 2689 1120 2743 quae
1134 2686 1260 2728 vocantur
1273 2677 1318 2729 Se·

264 2765 333 2800 necte
346 2745 446 2816 tragico
459 2749 559 2798 trisulca
563 2749 632 2814 fax,
646 2751 767 2800 trisulcum
778 2755 857 2804 telum.
897 2775 899 2780 ’

215 2927 219 2943 .
298 2889 332 2940 V.
344 2887 384 2942 56.
393 2890 520 2940 Etmtilas
536 2889 607 2938 scutis
623 2889 769 2956 diffiendea's
781 2895 844 2943 alas.
860 2923 890 2932 -
904 2890 964 2944 atas
978 2891 1082 2946 fulmini
1093 2893 1182 2946 tribuit
1196 2907 1221 2948 et
1231 2894 1319 2964 Virgi-

263 2972 331 3032 lius,
342 2975 402 3025 AEn.
413 2972 450 3033 V,
462 2971 512 3038 ³¹9
524 2989 530 3022 :
547 2985 571 3021 et
573 2972 689 3038 fulminis
697 2977 765 3025 ocior
772 2977 829 3027 alis.

299 3109 333 3161 V.
344 3111 385 3161 61.
392 3145 714 3162 ...................
733 3113 773 3161 eui
780 3113 901 3162 eandidsts
913 3113 970 3162 olim

405 3195 481 3243 Criais
493 3195 570 3254 inest,
585 3199 669 3246 natale
681 3198 753 3246 deciis
763 3215 772 3252 ,¹
783 3197 827 3245 dat
837 3197 936 3260 longior
944 3207 1004 3243 setas

404 3281 460 3326 Iam
474 3278 585 3344 spatium.

265 3393 381 3458 Plinius,
392 3393 462 3457 VH,
477 3411 508 3456 s,
521 3393 559 3444 eit
571 3392 679 3444 Alb‘enis
691 3409 704 3442 s
716 3386 828 3460 pueritie
841 3387 928 3442 stetim
946 3407 1025 3442 canos
1039 3389 1118 3444 luisse
1128 3392 1243 3466 capillos.
1253 3395 1321 3449 Vide

265 3476 382 3531 Solinuns
395 3516 403 3541 ,
415 3494 472 3547 oep.
486 3476 547 3538 XV,
561 3487 586 3526 et
601 3475 710 3527 Salmas.
725 3473 751 3523 in
762 3471 844 3524 Solio.
860 3491 918 3544 pag.
938 3473 1002 3540 1345
1017 3473 1076 3527 vide
1087 3493 1194 3548 quoque
1206 3479 1236 3530 A.
1250 3478 1318 3533 Geli.

267 3560 321 3622 IX,
337 3566 361 3624 4.
371 3591 405 3600 -
413 3559 575 3630 capillorum
588 3559 689 3625 spatium
700 3574 749 3626 pro
760 3558 908 3622 longinidine
919 3555 1030 3610 notanda
1044 3570 1083 3611 est
1092 3559 1199 3613 locutio.
1209 3561 1321 3618 Ovidius

267 3641 303 3695 eit
316 3641 349 3696 de
363 3640 462 3712 ospillis
473 3637 610 3711 cujusdem
622 3639 728 3709 pueHoe,
739 3639 835 3701 Amor,
847 3639 860 3690 1
872 3681 880 3706 ,
893 3647 939 3706 14,
952 3641 983 3693 3:
995 3644 1056 3708 qaid
1063 3657 1116 3693 eras
1127 3647 1254 3712 spatiosius
1263 3649 1319 3702 illie.

302 3793 338 3842 V.
348 3792 382 3857 69
384 3821 735 3840 ·····················
742 3788 896 3856 Acesinaque
905 3791 965 3840 lavo

409 3871 495 3918 Omine
496 3867 612 3934 fatidica
622 3873 731 3934 Phryxus
740 3877 817 3924 movet
825 3875 925 3939 agmina
936 3891 1022 3924 cerva.

268 4020 281 4038 n
293 3991 378 4044 Possit
389 3988 512 4062 quidem,
525 3989 562 4043 sio
573 3993 658 4064 pergit
666 3995 818 4066 Wagnerus
827 4035 834 4059 ,
844 3999 926 4048 Diana
936 4017 1012 4059 sava,
1022 4017 1044 4050 v.
1060 3999 1092 4070 73
1102 4036 1110 4062 ‚
1121 3999 1233 4070 aliquem
1245 4000 1321 4053 indu-

267 4091 326 4128 eere
342 4091 389 4136 eo,
409 4081 438 4124 ut
456 4071 489 4124 de
508 4072 643 4146 Iphigenia
659 4077 766 4147 eogitari
785 4097 861 4151 posse
879 4079 968 4134 credet
980 4120 988 4145 ,
1002 4099 1079 4154 wem
1094 4101 1142 4155 pro
1160 4083 1209 4138 den
1224 4085 1320 4138 cultum
