2994 4702
216 333 278 398 &a
654 334 846 400 ORPHEI

207 491 210 496 ’
259 463 370 527 Insula
385 461 541 558 lfoeanthe
558 461 661 528 fessos
678 467 824 554 excepit3
845 483 878 530 at
896 466 982 530 illam

258 575 404 643 Adverso
421 576 517 640 remis
534 577 737 645 circumdant
756 579 891 645 flumine
907 603 1006 646 cursu

257 693 388 783 Ingenti
407 692 539 774 Phasis,
562 695 804 784 tranquilloque
819 718 915 760 amne
933 697 1107 786 Saranges,

260 807 370 888 Quem
386 821 556 896 stagnante
571 808 664 894 palus
683 807 809 874 Maeotis
826 810 955 899 gurgite
973 811 1076 874 latum

259 922 374 1012 Sparsa
397 944 456 1011 per
471 921 612 1010 irriguos
631 923 821 988 transmittit
836 924 870 988 in
887 947 1019 1014 aequora
1033 947 1177 1013 campos.
1221 909 1222 912 Ἴ

302 1039 398 1102 Tunc
414 1058 492 1126 ergo
508 1036 620 1102 obnixi
638 1038 738 1102 remis
754 1053 932 1127 noctesque
948 1038 1083 1128 diesque

258 1151 451 1232 Currimus3
467 1150 545 1214 hinc
559 1151 668 1216 fauces
682 1168 853 1242 cogentem
869 1156 1039 1242 Bosporon
1053 1169 1156 1218 arctas
1240 1175 1290 1222 was

257 1264 491 1347 Transilimus,
509 1281 603 1330 tauro
623 1266 718 1331 'lltan
737 1268 796 1332 ubi
818 1267 945 1334 fortiter
957 1258 1049 1334 'usus

257 1381 397 1463 Trajecit
420 1379 556 1446 fluvium
577 1381 728 1447 facientia
745 1398 858 1473 stagna
872 1383 1061 1472 palustrem.

257 1498 344 1562 Hinc
357 1497 423 1578 jam
441 1496 578 1585 remigio
594 1498 710 1587 longos
730 1497 868 1562 faciente
883 1497 1010 1562 labores

258 1613 394 1676 Moeotas
411 1610 531 1676 tunicis
548 1611 655 1700 primo
670 1612 892 1703 contingimus
910 1612 1004 1694 altis,

260 1726 396 1792 finibus
421 1742 454 1791 et
468 1727 564 1810 vastis
582 1727 745 1792 immenso
764 1726 854 1791 crine
872 1726 1034 1807 Gelonos,
1242 1741 1292 1782 1⁰⁵⁰

255 1842 548 1930 Sauromataeque,
570 1842 751 1930 Getasque,
768 1842 963 1928 Gymnaeos,
981 1839 1252 1928 Cecryphasque,

220 1959 222 1964 ’
259 1959 468 2046 Arsopasque
488 1956 588 2020 feram
610 1972 759 2045 gentem,
776 1976 942 2043 saevosque
959 1953 1172 2034 Arimasthas,

261 2076 329 2160 Qui
345 2077 466 2164 positas
483 2075 632 2139 habitant
652 2074 776 2140 circum
793 2073 945 2139 Maeotida
957 2087 1070 2138 terras.

304 2193 364 2256 Ast
381 2191 439 2255 ubi
462 2188 655 2255 inexhausto
672 2190 902 2255 contristavere
920 2189 1031 2254 labore

261 2303 331 2368 Nos
347 2304 474 2392 superi,
495 2321 529 2368 et
543 2320 640 2369 vastae
653 2282 735 2369 vada
751 2321 829 2370 sunt
845 2304 1033 2370 transmissa
1050 2301 1196 2392 paludis,
1242 2319 1293 2359 10⁵⁵

257 2419 321 2482 vix
336 2419 469 2484 tandem
485 2420 585 2494 exitio
603 2421 778 2509 eripimur,
792 2420 999 2510 pulsantibus
1016 2423 1104 2510 Argo
1215 2451 1218 2458 ·

263 2535 419 2600 Demissis
434 2535 572 2617 tabulis,
586 2536 698 2618 etjam
715 2535 873 2602 stridente
888 2537 1005 2603 carina.

263 2649 347 2714 Inde
364 2649 430 2715 sub.
441 2650 584 2733 Arctois,
601 2667 741 2740 angrmo
756 2667 847 2739 rapta
864 2668 993 2733 meatu,

262 2764 401 2830 Finibus
420 2787 579 2830 oceanum
595 2787 707 2831 versus
725 2765 908 2855 prolabitur
921 2767 1033 2865 Argo3

263 2878 390 2944 Defessi
407 2896 586 2968 noctesque
604 2902 724 2945 novem
746 2879 885 2945 totidem
901 2902 1035 2968 quoque
1052 2880 1154 2960 soles,
1246 2901 1294 2942 10⁶0

265 2991 460 3079 Linquimus
475 2992 555 3056 hinc
568 3007 666 3081 atque
678 2994 757 3061 hinc
771 2993 897 3084 ignotas
914 2995 1049 3059 nomine
1064 3011 1196 3084 gentes,

265 3105 387 3170 Pacton
399 3155 409 3189 ,
422 3108 632 3194 Arcteonque
647 3127 770 3197 genus,
780 3107 952 3196 leliosque
967 3107 1107 3189 feroces,

266 3217 506 3306 Belligerosque
521 3219 662 3306 Scythas.
672 3218 807 3317 devotos
823 3238 955 3310 pectora
971 3221 1086 3304 Marti,

269 3332 375 3419 Atque
390 3347 497 3397 truces
511 3333 654 3415 Tatnos,
668 3331 812 3400 crudelia
825 3357 913 3402 sacra
931 3337 1071 3402 ferentes

268 3445 358 3513 Divae
375 3445 518 3510 Hecatae:
534 3446 681 3512 humano
700 3451 866 3538 complent
879 3467 1002 3515 cratera
1018 3473 1149 3518 cruore.
1247 3471 1297 3510 10⁶⁵

270 3562 359 3646 Quin
380 3579 412 3626 et
431 3563 659 3651 Hyperboreos
675 3563 839 3632 Nomadas
858 3582 891 3631 et
908 3566 1023 3654 Caspia
1037 3567 1186 3632 claustra.

315 3679 423 3765 Atque
437 3677 496 3741 ubi
514 3676 587 3742 diva
601 3677 688 3742 diem
701 3679 769 3759 jam
788 3680 911 3750 clarum
927 3703 1050 3748 aurora
1062 3681 1208 3765 revexit,

268 3792 440 3882 llhiphaeas
457 3791 553 3857 valles
569 3779 775 3885 attingimus3
791 3795 868 3861 inde
880 3812 1013 3886 repente

270 3907 401 3974 Prosilit
416 3907 544 3997 angusti
559 3910 678 3998 puppis
695 3933 753 3999 per
770 3911 864 3975 litora
880 3912 992 3999 ponti,

273 4025 504 4116 Oceanumque
520 4023 628 4089 intrat
649 4003 820 4089 Saturnius
839 4025 907 4116 ipse
923 4041 1056 4092 vocatur.
