3022 4678
251 362 311 404 120
551 345 587 410 C.
612 345 805 412 VALERll
838 351 1015 416 FLACCI

293 475 405 556 Quum
423 475 481 540 tibi
501 493 551 540 tot
571 495 712 559 mortes,
734 481 927 570 scelerisque
946 484 1134 550 brevissima
1152 489 1231 552 tanti

291 589 465 677 Effugiain
483 591 558 656 llaec
575 590 706 674 diceus,
730 617 795 682 qun
815 619 883 663 uon
901 599 1043 664 velocior
1058 599 1123 667 ulla

292 702 393 767 Pestis
412 721 500 785 erut,
522 721 592 770 toto
612 708 830 796 nequicquam
848 711 972 780 lumine
988 713 1123 794 lustrat,

292 819 536 906 cunctaturque
559 843 666 909 super,
690 824 911 912 morituraque
930 826 1052 916 colligit
1066 827 1139 894 ims.
1274 845 1312 884 ³³⁵

292 933 321 994 O
345 934 481 998 nimium
496 933 640 1014 jucunde
659 935 744 1017 dies,
772 961 870 1024 quum
890 962 963 1005 mre
978 940 1041 1006 sub
1056 941 1125 1028 ipsa

292 1046 399 1110 Morte
414 1049 514 1136 magis
525 1050 531 1110 !
544 1049 655 1128 Stetit,
671 1067 705 1114 et
720 1072 790 1116 sese
806 1052 919 1118 mimtu
934 1055 1096 1118 torentem
1113 1070 1170 1119 est.

335 1161 503 1243 «Occidis,
517 1162 581 1232 hen
592 1162 716 1250 iprimo
734 1181 825 1253 potes
841 1165 905 1230 hoc
921 1165 1037 1232 durare
1056 1167 1118 1232 suls
1132 1166 1225 1232 teto?

291 1276 359 1338 Nec
375 1293 413 1339 tu
431 1275 527 1357 lucis,
545 1277 605 1358 eit,
624 1299 684 1341 nec
703 1277 820 1344 videris
841 1279 904 1346 ulle
919 1281 1059 1359 juvente

292 1390 439 1454 Gaudia?
458 1414 517 1456 nec
538 1389 647 1456 dulces
661 1392 766 1458 fratris
782 1393 960 1481 pubescere
978 1395 1099 1463 mulne?
1274 1413 1313 1458 tto

292 1505 388 1568 Hunc
404 1527 554 1592 quoque,
574 1507 630 1592 qui
650 1529 738 1570 nunc
754 1524 803 1572 est
815 1509 1003 1594 primaevus,
1024 1511 1138 1576 lasona
1154 1510 1257 1574 nescis

278 1708 331 1754 332.
349 1711 442 1753 Mortes.
460 1709 497 1754 Sir
515 1708 615 1754 restituit
635 1707 734 1753 Zinzerl.
749 1709 939 1756 Mortis-Boron.
951 1711 1004 1756 cod.
1020 1720 1044 1756 et
1054 1711 1108 1758 edd.
1119 1721 1173 1757 ente
1190 1711 1267 1756 Heius.
1282 1737 1312 1746 -

248 1787 302 1833 333.
316 1786 427 1840 Velocior,
445 1797 468 1833 et
479 1803 512 1832 vs.
524 1803 572 1848 seq.
589 1788 662 1832 Pestis
675 1797 736 1838 crat,
754 1797 822 1834 scote
838 1789 936 1836 Dortill.
950 1789 981 1836 td
998 1790 1066 1838 etur.
1077 1806 1131 1853 μς.
1143 1791 1197 1844 604.
1215 1817 1244 1826 -
1259 1790 1311 1852 339.

248 1871 296 1913 Heu
309 1877 333 1911 tn
347 1867 416 1920 lueis,
429 1871 470 1913 ait.
482 1869 571 1912 Bonon
582 1866 634 1912 cod.
644 1892 674 1902 —
684 1867 737 1920 340.
749 1868 804 1914 Non
813 1867 901 1914 dulces.
914 1872 1003 1918 Boron.
1016 1869 1069 1918 cod.
1080 1881 1104 1918 et
1116 1871 1170 1918 odtl.
1181 1880 1235 1918 ute
1245 1871 1312 1918 Cur.

246 1973 277 1981 —
287 1947 340 2002 341.
354 1947 467 1998 Crudelis,
479 1948 572 1993 Iasona.
587 1947 676 1991 bonon.
688 1943 740 1990 cod.
750 1955 773 1990 et
782 1945 835 1990 edd.
847 1957 901 1994 ente
913 1948 977 1996 Gerr.
986 1949 1030 1996 En.

247 2150 300 2194 tes,
318 2145 356 2185 tot
374 2133 462 2186 herbe
479 2131 598 2185 mortifer
612 2134 760 2194 murtetis·
804 2151 885 2203 quom
906 2153 990 2206 quum
1012 2137 1121 2208 propius
1145 2136 1269 2190 absumus
1297 2155 1312 2188 a

247 2231 294 2283 qne
312 2216 450 2264 brevusima
479 2215 544 2262 tanti
566 2215 670 2280 qfflrgiu,
695 2208 760 2284 viu,
805 2223 899 2266 morte.
915 2214 966 2268 Sed
979 2215 1034 2268 huc
1047 2215 1197 2270 ruotverbu
1211 2227 1312 2287 poete,

247 2293 345 2368 quibus
361 2305 466 2346 tautum
481 2293 565 2347 scelus
583 2292 682 2346 enitere
699 2309 760 2362 pos·
803 2307 858 2344 non
868 2287 978 2346 Medete.

249 2377 297 2428 sim
308 2411 315 2436 ,
325 2373 501 2437 brevissime,
515 2370 673 2444 suppetant?
839 2370 900 2442 337.
910 2377 987 2434 Stetit,
999 2389 1022 2426 st
1030 2393 1080 2428 sess
1092 2376 1183 2428 mirato
1188 2377 1313 2444 [mamm

285 2453 345 2506 333.
357 2458 417 2504 ttae
428 2455 523 2512 dicens,
534 2453 761 2520 quancnnelocior
804 2465 849 2511 est,
860 2470 918 2523 quse
933 2464 988 2506 tem
1004 2465 1101 2506 temere
1117 2453 1313 2506 consiliumne.

249 2538 301 2586 sella
317 2537 392 2600 pestis
410 2547 472 2583 erat.
499 2531 555 2584 lloo
568 2529 656 2602 recepi
670 2547 700 2582 ex
723 2530 760 2581 le·
803 2531 871 2600 perit
890 2532 1029 2588 moriendi.
1047 2534 1125 2586 Nunc
1142 2533 1199 2604 ipen
1217 2532 1312 2588 Medea

248 2611 371 2668 licissima
390 2611 499 2666 Dorvilii
518 2610 553 2666 nd
571 2611 759 2676 Charitonom,
803 2611 913 2682 loquens
926 2610 1060 2666 inducitur
1071 2629 1078 2663 ε
1091 2615 1186 2664 Occidis
1197 2615 1243 2664 teu
1253 2619 1265 2662 !
1274 2611 1313 2665 sic

248 2711 309 2766 pag.
319 2691 380 2762 570,
388 2691 431 2744 ed.
443 2691 514 2763 Lips.
524 2693 674 2763 conjecturo
686 2709 694 2756 ;
706 2687 758 2742 vul·
802 2689 882 2760 igitur
892 2691 959 2744 mori
969 2690 1007 2742 vis
1016 2690 1028 2742 i
1036 2693 1119 2760 primo
1128 2706 1201 2759 poter
1210 2693 1257 2741 lroc
1266 2694 1311 2742 du·

249 2783 308 2843 gutu
328 2771 398 2824 enim
413 2773 489 2839 (quae
506 2789 555 2820 non
575 2771 685 2822 velocius
706 2771 758 2820 ulla
802 2769 1086 2837 raresub(redundnt,
1099 2781 1127 2821 ut
1145 2772 1231 2842 sepe)
1243 2789 1312 2831 aevo,

245 2854 426 2920 pestiferam...
443 2851 547 2916 licoat)
564 2845 671 2908 delendi
683 2846 758 2899 nullo
801 2849 830 2900 in
844 2847 908 2902 llorc
925 2849 1007 2904 rotatis
1024 2848 1263 2912 constitute,l1onc
1279 2861 1313 2902 ts·

250 2929 330 2984 modo
343 2939 445 3001 potest,
455 2930 691 2998 quumpeseiseram
703 2944 757 2980 non
802 2928 853 2980 lem
867 2929 955 2984 animo
971 2928 1107 2999 concipere
1125 2927 1312 2998 cogitationem

248 3011 359 3071 tabeat,
375 3007 417 3060 cui
435 3005 607 3078 respondeat,
626 3005 760 3060 substanti·
802 3008 900 3079 meeis,
911 3007 1181 3080 etineepernistere?

249 3109 322 3144 vum.
341 3087 434 3140 Talem
455 3087 534 3158 igitur
548 3102 657 3156 pestem,
670 3084 760 3138 ellico·
839 3087 900 3154 339.
917 3093 969 3140 Nes
979 3092 1052 3154 lucis,
1062 3087 1118 3146 vitte
1124 3127 1133 3152 ,
1144 3091 1247 3147 videris,
1257 3106 1313 3159 per·

251 3169 406 3230 tissimum,
430 3166 661 3236 patentissimum
686 3183 764 3217 vene·
804 3163 901 3236 cipiet,
922 3170 989 3228 utta,
1008 3185 1058 3220 neo
1074 3171 1179 3234 juventu
1193 3169 1313 3236 gaudia?

251 3259 391 3310 num,toto
399 3248 562 3314 nequicquam
569 3248 660 3297 lumine
670 3248 764 3296 lustrat,
803 3263 848 3294 nec
865 3246 946 3297 dulces
967 3245 1064 3300 viderit
1077 3247 1170 3314 fratris
1182 3249 1312 3314 pubescere

249 3327 389 3380 oculorum
398 3323 531 3396 animique
540 3325 623 3378 eciem
635 3321 759 3384 intendit,
804 3325 896 3383 malas.
919 3324 964 3396 qui
985 3325 1057 3380 solos
1076 3343 1133 3378 mee
1153 3336 1209 3388 est,
1231 3341 1311 3394 quem

248 3404 296 3471 sed
316 3405 430 3458 frustra:
450 3401 532 3456 dubie
546 3414 649 3462 monet,
661 3415 760 3453 cructa-
804 3403 891 3457 anmvi
902 3402 1056 3478 hucusque,
1067 3422 1154 3458 emere
1168 3402 1268 3456 debui?

250 3501 337 3552 troque
349 3503 427 3550 super,
445 3480 545 3539 diutim
559 3482 667 3552 querit,
686 3483 759 3530 mori·
839 3483 899 3546 341.
912 3484 1078 3555 Etlelegans
1090 3483 1244 3545 conversio,
1258 3499 1311 3552 qua

252 3581 357 3632 turaque
365 3566 457 3632 colligit
466 3569 528 3622 uas,
539 3579 592 3632 quo
601 3559 701 3614 diutius
711 3559 759 3611 im·
803 3573 879 3632 poete
899 3563 934 3616 ad
951 3563 1072 3617 Iasonem
1092 3573 1222 3616 revertere
1236 3563 1312 3634 jubet

251 3653 370 3697 moratur
387 3641 528 3694 herbarum
547 3638 712 3701 lustrationi,
727 3657 759 3692 eo
803 3641 944 3712 Medeam)
961 3643 982 3695 si
1000 3655 1113 3715 perstem
1133 3641 1162 3694 in
1181 3640 1311 3696 moriendi

251 3721 495 3794 mejorvoluntorie
503 3717 759 3789 morticimpetusfit.
803 3721 927 3788 consilio,
948 3719 975 3776 iu
997 3740 1049 3782 uns
1076 3721 1129 3774 duo
1152 3721 1312 3787 moriemur,

250 3801 301 3856 Sed
326 3801 449 3873 praevalet
470 3817 534 3852 mox
556 3797 614 3849 vite
636 3798 761 3876 longioris
804 3804 879 3852 nescis
899 3816 976 3854 morte
989 3815 1032 3854 tna
1045 3802 1128 3868 perire
1145 3799 1221 3854 simul
1237 3800 1311 3852 leso-

249 3900 332 3934 amor.
802 3898 864 3932 nent
877 3880 966 3948 (conl.
976 3879 1057 3932 Ovid.
1069 3879 1174 3932 Metam.
1186 3880 1224 3941 ll,
1239 3881 1289 3948 609
1303 3896 1309 3931 :

286 3961 346 4020 336.
358 3957 487 4008 Onimimn
490 3959 603 4024 jucunda
611 3959 674 4018 dies,
688 3957 757 4024 vitu,
802 3962 851 4009 duo
868 3977 933 4010 nrtnc
946 3963 1076 4010 moriemur
1083 3962 1109 4010 in
1122 3979 1192 4020 tuas·
1205 3970 1244 4020 et,
1254 3959 1307 4023 ¹Ill,

252 4057 327 4106 quam
348 4055 407 4087 cara
430 4038 474 4085 sub
497 4037 551 4104 ipsu
575 4051 651 4088 morte
670 4041 757 4106 magis,
803 4038 871 4107 473:
884 4040 968 4090 areima
977 4037 1310 4107 moriemurinuna),ioso-

251 4131 394 4186 numquam
406 4112 505 4186 gratior
515 4127 592 4188 utque
602 4116 758 4188 jucundior,
803 4136 863 4170 nem
886 4117 1012 4188 inquom,
1035 4136 1113 4190 quem
1139 4119 1213 4172 nelos
1244 4131 1310 4172 esset
