3006 4676
240 365 303 452 298
677 365 871 429 ouPflut

282 497 309 562 E
326 495 439 561 mediis
456 511 582 576 manat,
610 498 734 560 fontem
757 511 851 559 vocat
868 495 974 559 incola
992 495 1127 559 Gienen.

324 611 419 674 'liruc
435 631 512 700 ergo
529 611 627 674 oracli
645 623 824 693 memores,
843 627 978 674 tenuero
996 630 1152 674 cacumen
1193 631 1197 642 ·

280 725 438 790 Divinum
455 723 557 788 auditi
576 739 690 813 reges,
700 741 733 788 et
749 722 939 812 Dindymon
956 723 1078 805 situm,

280 841 326 905 Ut
345 839 529 906 veneranda
546 841 643 905 sacris
659 861 790 904 anuosae
808 839 952 929 denique
967 835 1097 930 placent

279 955 385 1022 Corda
402 956 518 1038 Rheae,
535 971 707 1044 sumatque
726 957 848 1020 animas
863 956 975 1047 regina
992 956 1141 1020 calentes.

277 1073 350 1160 Ipse
365 1087 473 1136 autem
491 1071 612 1138 cithara
630 1093 758 1160 semper
774 1072 950 1137 comitante
965 1071 1133 1160 sequebar.

278 1187 437 1252 Praevenit
452 1185 507 1250 hic
522 1187 619 1252 etiam
634 1207 695 1251 nos
711 1188 831 1276 Argus,
851 1209 962 1276 puppe
979 1187 1106 1269 relicta,

279 1301 345 1384 Qui
361 1301 434 1390 pius
452 1303 585 1390 obliqua
604 1302 764 1367 intortum
780 1325 857 1366 cum
874 1302 995 1367 cortice
1010 1324 1136 1366 rausum

275 1417 303 1481 E
321 1417 407 1482 ferro
419 1431 563 1482 arentem
580 1417 680 1481 vitem
696 1415 841 1504 praecidit
853 1434 968 1499 acuto,

274 1529 489 1619 Effigiemque
506 1553 629 1596 sacram
645 1530 736 1594 seclis
754 1531 955 1596 monimenta
971 1530 1120 1595 daturam

272 1645 434 1709 Omnibus
453 1645 581 1736 egregia
597 1644 683 1729 fixit,
700 1645 853 1710 formavit
870 1661 903 1709 et
920 1661 1007 1727 arte,

274 1761 472 1849 Regiumque
489 1783 577 1824 aram
595 1761 724 1851 sculpto
744 1758 963 1842 depmarruore
978 1759 1106 1824 struxit.

273 1875 335 1938 Hic
352 1875 450 1966 igitur
466 1876 599 1966 properi
612 1877 749 1965 Minyae,
771 1897 904 1963 praeque
919 1875 1073 1946 omnibus
1090 1897 1178 1940 uuus

272 1989 464 2073 AEsonides,
483 1991 577 2057 sectis
593 2006 724 2079 ponunt
738 1991 836 2056 altare
852 1990 983 2079 lapillis.

271 2106 344 2170 Hoc
357 2127 455 2196 super
472 2123 505 2170 et
521 2122 631 2170 tauros
647 2105 767 2189 libant,
784 2121 818 2170 et
835 2105 964 2170 victima
980 2128 1118 2194 quaeque

273 2221 371 2285 Grata
390 2221 471 2302 fuit,
495 2241 710 2309 proceresque
721 2219 838 2299 juvant
852 2220 1007 2284 libamina
1022 2219 1105 2284 diva.

209 2365 218 2374 ·
271 2335 339 2398 Nos
354 2336 478 2416 cultus,
498 2332 675 2422 laudesque
690 2332 758 2398 deae
775 2333 938 2398 celebrare
950 2334 1118 2416 jubemur,

270 2447 477 2538 Supplicibus
495 2448 637 2513 reditum
657 2471 724 2536 quo
740 2449 787 2514 sic
804 2449 927 2537 placata
947 2450 1115 2516 ministret.
1138 2507 1139 2510 ,

316 2565 402 2654 Ergo
420 2564 478 2630 ubi
494 2563 657 2628 desierant
672 2563 825 2628 libamina
841 2585 930 2628 sacra
951 2587 1148 2652 precesque,

271 2682 409 2768 Argoam
423 2677 464 2744 ad
481 2702 596 2745 navem
614 2677 844 2744 descendimus
857 2703 865 2760 3
883 2678 962 2744 hinc
978 2703 1112 2768 quoque
1125 2680 1249 2768 Tiphys

270 2795 391 2860 Heroas
408 2795 450 2860 de
464 2818 576 2886 puppe
588 2811 704 2860 vocat:
724 2810 795 2858 tuur
812 2794 963 2883 protinus
983 2816 1099 2861 omnes

270 2911 448 2994 irruimus,
465 2934 533 2998 quo
551 2911 689 2999 quisque
704 2910 794 2998 prius
810 2932 870 2998 per
884 2925 1022 2974 transtra
1038 2911 1159 2975 resedit
1264 2928 1306 2966 ⁶1⁵¹

269 3024 410 3108 Ordine,
433 3041 513 3091 tuuc
529 3026 625 3090 etiarn
640 3047 806 3090 remorum
821 3047 899 3088 cura
915 3025 1055 3090 subibat.
1224 2993 1228 3022 r

268 3140 391 3229 Sponte
407 3161 465 3206 sua
482 3141 577 3206 funes
592 3157 678 3205 terra
696 3162 815 3204 venere
830 3140 946 3223 soluti,

269 3254 413 3342 Velaque
429 3254 631 3318 tenduntur:
654 3253 749 3317 nobis
768 3253 858 3318 Rhea
877 3253 1045 3343 Dindymo
1061 3256 1102 3320 ab
1120 3257 1191 3345 ipso

268 3367 496 3460 Magnipotens
513 3368 601 3432 misit
617 3383 732 3432 ventos
752 3367 793 3432 de
808 3375 919 3457 puppe
938 3368 1109 3435 secundos.

269 3483 337 3548 Nos
353 3499 462 3548 autem
476 3505 608 3547 rursum
624 3481 798 3574 spectanda
815 3483 992 3572 nepotibus
1008 3485 1085 3550 oliur
1261 3503 1301 3540 s..

268 3598 363 3661 Sacra
380 3613 534 3663 coronata
549 3595 590 3661 de
607 3598 680 3662 navi
695 3597 855 3661 mittimus
872 3620 943 3678 ara3

269 3702 503 3792 Implicitasque
518 3705 626 3792 Argus
640 3701 714 3766 duri
731 3723 856 3768 cessere
871 3702 1038 3769 rudentes.

268 3823 312 3882 At
327 3834 501 3906 postquam
518 3818 607 3882 navis
625 3803 833 3906 complerunt
851 3819 981 3883 carbasa
995 3820 1100 3903 venti,

269 3933 446 3998 Subsilieus
461 3933 558 3998 salsas
574 3933 667 4022 ponti
685 3934 888 4021 praetervolat
905 3933 1027 4016 undas,

269 4049 312 4113 Et
326 4067 428 4138 prope
444 4049 620 4138 Mysorum¹
630 4063 721 4113 terrae
740 4047 880 4114 confinia
899 4051 1030 4132 transit,
