3002 4680
234 332 275 408 st
355 330 409 394 IN
440 330 525 394 LIB.
550 331 746 396 SEXTUM
776 331 1171 398 ARGONAUTICON

266 473 300 525 V.
311 473 369 535 464.
380 475 468 524 Nullus
477 475 557 523 honor
567 473 695 532 thalamis,
701 475 844 543 flammaeve
853 474 878 522 in
889 486 961 524 nocte
968 472 1184 542 priores-Hunc
1192 491 1298 527 versum

229 555 370 628 Adolphus
384 562 484 608 Dureau
498 559 529 608 de
542 560 654 607 Lamalle
669 555 706 608 sic
720 555 861 627 expressit:

382 685 429 730 Son
439 697 502 729 coeur
512 693 548 728 est
557 698 610 729 saus
621 684 755 737 tendresse,
771 693 795 729 et
807 699 843 730 ses
854 683 917 730 nnita
929 699 982 730 sans
993 699 1082 731 amour.

231 807 361 880 Egregie,
373 818 403 858 ut
416 805 505 858 multa.

271 959 305 1008 V.
317 955 375 1021 465.
385 961 435 1017 Da,
448 975 543 1024 precor,
555 958 654 1027 artficis
669 959 763 1006 blanda
776 956 927 1022 aspiramine
934 956 1034 1023 fimnoe.
1043 985 1078 995 -
1087 954 1138 1008 Per
1147 958 1298 1023 aspiramine

226 1044 334 1111 sonno,
344 1043 430 1112 ipsum
447 1053 548 1094 cestum
561 1039 682 1110 inteiligit
695 1038 763 1092 male
774 1039 937 1109 Wagnerus.
950 1038 1013 1090 Hec
1029 1039 1105 1092 nobis
1117 1037 1240 1092 videntur
1253 1058 1298 1092 ca·

124 1145 129 1152 ·
233 1124 331 1197 pienda
344 1135 444 1176 tantum
458 1123 491 1175 de
503 1120 713 1193 pulchritudine,
727 1141 759 1174 ac
776 1121 810 1174 de
824 1121 955 1175 illecebris
966 1121 1062 1194 quibus
1081 1122 1200 1196 adjuvari
1213 1135 1299 1195 potest

233 1211 290 1282 ipsa
321 1206 505 1280 pulchritudo,
527 1224 685 1277 versumque
707 1224 814 1259 omnem
834 1206 870 1259 sic
895 1205 1066 1260 resolvimus:
1085 1212 1119 1259 da
1135 1210 1299 1276 aspiramine,

233 1294 300 1346 mihi
313 1293 416 1364 aspira,
428 1289 551 1356 infunde,
565 1292 681 1361 'artificem
687 1291 810 1358 fomute,
826 1309 874 1340 nne
887 1292 973 1341 beaute
986 1291 1030 1357 qui
1041 1292 1143 1350 sedasse,
1156 1292 1199 1356 qui
1211 1292 1300 1358 inspire

234 1383 266 1431 de
276 1382 383 1428 I'amour
393 1396 443 1444 par
455 1380 499 1428 des
512 1393 623 1426 caresses
633 1375 756 1432 adsedem
766 1371 853 1424 omnis
866 1373 950 1425 forma
962 1372 1066 1425 blandis
1076 1373 1176 1425 artibus
1194 1373 1227 1426 ad
1241 1373 1300 1426 vin·

234 1458 347 1512 cendum
356 1463 413 1530 eget
422 1469 502 1530 etque
512 1456 608 1509 utiturz
619 1455 766 1526 ipsaVenns
777 1467 860 1508 artem
870 1474 1007 1527 nunqnam
1018 1456 1133 1528 negligit.
1141 1455 1212 1509 Vide
1220 1457 1300 1510 Ovid.

234 1547 275 1597 De
291 1543 346 1594 Art.
363 1549 421 1593 Am.
438 1541 553 1612 passim:
571 1539 690 1602 Persius,
709 1539 763 1592 Sat.
774 1540 811 1606 V,
823 1545 874 1606 lo,
888 1542 1005 1612 artificem
1021 1543 1131 1600 nulnum
1144 1540 1199 1594 Cic.
1213 1541 1253 1606 11,
1266 1540 1301 1594 de

235 1626 296 1679 Nat.
308 1625 388 1676 Dcor.
398 1627 515 1695 artficem
526 1636 641 1674 naturum
651 1621 723 1675 dixit.

268 1776 302 1826 V.
314 1776 375 1838 466.
388 1777 545 1837 Ornantsque
556 1783 618 1821 tuos.
629 1767 690 1820 Haec
701 1767 736 1820 ad
748 1769 886 1841 cingulum
895 1769 1007 1823 Veneris
1024 1769 1160 1824 referenda
1177 1784 1254 1836 sunt,
1266 1773 1300 1826 de

235 1877 289 1930 quo
299 1875 361 1909 mox
375 1854 409 1908 ad
421 1874 457 1909 vs.
470 1866 530 1924 47⁰·

270 1996 306 2046 V.
319 1997 378 2063 467.
392 1993 537 2043 Sensitdt'va
547 1987 757 2060 dolos-Virgil.
766 1991 825 2043 AEn.
833 1989 883 2051 IV,
896 1959 962 2044 105l
973 2014 986 2034 α
996 1995 1077 2042 Sensit
1083 1989 1202 2043 simulata
1214 2004 1302 2043 mente

236 2079 350 2130 locutam
361 2096 384 2140 »3
394 2086 420 2127 et
429 2093 454 2126 s.
463 2073 527 2126 128:
539 2071 658 2142 «petenti
667 2072 782 2138 Asmuit,
792 2085 870 2146 etque
880 2076 944 2125 dolis
953 2073 1011 2127 risit
1020 2075 1150 2146 Cytherea
1160 2074 1296 2146 repertis».

271 2217 306 2267 V.
318 2222 369 2285 470
370 2249 495 2265 ........
501 2214 576 2263 Dedit
594 2231 652 2264 acre
672 2217 758 2276 deum,
768 2215 933 2281 flectendaque
950 2217 1063 2265 monstris

378 2301 496 2366 Cingula,
515 2317 565 2348 nott
580 2300 660 2364 pietas
679 2300 765 2366 quibus
785 2311 830 2348 aut
847 2300 957 2347 custodia
968 2299 1068 2366 famas,

379 2387 436 2434 Nou
450 2385 547 2450 pudor,
565 2394 594 2430 at
612 2396 699 2432 eontra
722 2383 779 2432 levis
799 2393 824 2430 et
835 2380 935 2447 festina
955 2383 1056 2449 cupido,

378 2465 529 2535 Affatusque
547 2466 620 2525 moli,
637 2467 764 2530 dulcisque
782 2465 920 2514 labantibus
942 2484 1017 2525 error,

379 2555 412 2600 tte
429 2563 520 2609 metus,
542 2562 567 2600 et
587 2553 687 2601 demens
707 2549 784 2599 alieni
803 2567 863 2599 eura
876 2550 972 2615 pericli.

237 2678 313 2730 Hunc
330 2675 429 2748 cinguli
449 2675 531 2729 divini
550 2675 662 2729 formam
678 2693 758 2747 quam
768 2674 892 2729 Valerius
912 2675 1043 2746 Homero,
1064 2698 1152 2733 nonne
1174 2680 1303 2734 Homerus

237 2760 289 2834 ipsi
299 2760 398 2814 Veneri
406 2759 561 2831 surripuisse
570 2778 631 2813 vere
642 2757 763 2812 videtur?
774 2758 848 2814 Iliad.
859 2759 935 2824 XIV,
951 2767 1000 2824 πά
1011 2779 1018 2814 :

378 2868 416 2954 H,
428 2888 469 2942 sal
482 2889 530 2942 ἀπὸ
541 2888 669 2958 στήθεσφιν
685 2888 789 2942 dicero
804 2889 888 2942 κεστὸν
903 2891 1012 2960 ἱμάντα,

376 2983 499 3036 Hostiles·
516 2983 572 3033 ists
585 2977 615 3032 ds'
632 2981 653 3033 ci
666 2981 794 3052 θελκτήρια
807 2982 893 3033 πάντα
906 2983 1019 3036 eiecere

378 3059 432 3127 lisi'
446 3075 479 3126 tn
490 3073 533 3143 ult
546 3073 660 3143 φιλότης,
678 3075 701 3126 ἐν
714 3068 740 3124 d'
751 3072 846 3142 ἵμερος,
859 3073 882 3124 tv
892 3068 917 3123 δ’
928 3075 1055 3144 ὀαριστὺς,

377 3165 520 3236 risissent,
536 3165 578 3221 ἦτ’
592 3164 675 3235 [attede
691 3165 743 3216 νόον
756 3163 825 3216 πύκα
839 3184 884 3235 περ
899 3167 1051 3236 φρονεόντων.

239 3305 312 3373 Quid
326 3303 468 3375 speciosius
486 3301 640 3356 inventum?
651 3300 717 3374 quid
730 3300 873 3374 jucundius
887 3301 1068 3376 descriptum?
1082 3304 1134 3357 lroc
1147 3305 1218 3368 enim
1234 3323 1306 3360 com.

239 3399 358 3442 mentum
372 3385 445 3458 prior
465 3386 596 3440 Homerus
616 3383 789 3456 excogitavit,
806 3385 884 3438 etita
901 3387 1015 3459 propriis
1033 3387 1165 3441 coloribus
1182 3401 1306 3442 omasum

240 3491 288 3525 suo
303 3470 412 3542 signavit
423 3469 545 3541 ingenio,
560 3481 589 3522 ut
600 3467 726 3539 Virgilius
737 3465 847 3521 Homeri
861 3469 982 3525 assiduus
994 3471 1110 3525 imitator
1121 3473 1186 3524 illud
1199 3486 1307 3544 tangere

238 3573 294 3627 pre
310 3571 413 3606 summa
427 3551 602 3605 admiratione
621 3548 753 3602 metuerit.
776 3550 800 3601 0
820 3569 955 3607 summum
974 3567 999 3608 et
1014 3554 1192 3608 immortalem
1208 3554 1307 3614 iliados

241 3635 420 3698 conditorem,
433 3653 513 3707 quem
531 3633 617 3706 capite
635 3643 762 3702 augusto,
775 3643 902 3706 tanquam
918 3637 1035 3710 Olympo
1051 3637 1172 3692 sedentes
1185 3659 1233 3694 suo
1243 3639 1307 3694 deos

242 3737 331 3790 gerere
342 3719 454 3783 dixeris;
471 3717 553 3780 adeo,
569 3715 692 3768 eutimium
710 3713 777 3768 illud
797 3717 948 3789 ingenium,
965 3719 1102 3773 facultates
1115 3723 1308 3793 quaridentur

240 3801 445 3856 dissociabilem
458 3810 554 3852 natura
567 3797 706 3862 sortitum,
721 3816 762 3850 res
776 3817 892 3853 amoenns
903 3799 1001 3853 blande
1012 3820 1043 3853 ac
1055 3803 1186 3870 molliter,
1196 3805 1308 3876 grandes

241 3904 304 3940 vero
315 3885 383 3938 elate
392 3902 424 3936 ac
432 3883 613 3944 vehementer,
627 3880 748 3934 tractavit
757 3919 765 3945 ,
774 3880 802 3934 in
814 3881 932 3953 utrisque
941 3883 1087 3954 perfectum
1098 3885 1105 3937 Ξ

277 3966 354 4020 Hunc
365 3963 475 4017 Homeri
487 3962 576 4015 locum
588 3961 624 4016 sic
637 3961 752 4016 imitatus
763 3975 802 4017 est
817 3969 941 4032 Torquato
954 3970 1237 4030 Yasso,Gerusa1emme
1250 3973 1308 4024 tibe-

241 4063 313 4111 rata,
326 4060 406 4102 canto
418 4045 495 4108 xvt,
508 4054 597 4098 ottata
614 4052 660 4109 at:
