3002 4680
230 327 272 410 74
349 321 399 386 IN
430 323 515 388 LIB'.
539 325 736 390 SEXTUM
765 324 1160 395 ARGONAUTICON

227 448 347 506 prompta
364 455 380 488 e
396 435 528 490 Carrionis
541 435 646 502 codice,
664 438 760 492 nullius
780 450 820 492 est
835 439 970 492 momenti.
986 439 1091 494 Priscus
1102 443 1188 497 Vatic.
1204 441 1290 496 codex

227 518 332 572 videtur
346 518 442 572 habere
455 524 564 592 Μχεωὶ,
577 521 623 591 qui
640 533 744 592 possent
762 540 818 575 esse
838 521 929 592 Mysi,
945 541 1008 594 gens
1029 523 1290 592 asin(vid.}1ero-

231 602 285 656 dot.
297 603 354 668 111,
367 604 401 671 93
413 605 539 671 )‚Persise
548 604 644 658 vicina.
1271 623 1280 628 “

266 753 301 802 V.
316 752 375 804 130.
393 756 542 822 Cessaeaeque
555 775 650 807 ananus.
665 786 700 794 -
715 759 776 808 bissi
787 756 830 808 vel
842 759 940 816 Cissei,
957 754 1072 809 Susiane
1088 756 1212 828 populus.
1224 757 1291 811 Sunt

230 852 336 906 quoque
350 848 451 890 montes
464 836 491 888 in
501 837 614 892 Asiatica
623 839 769 907 Sarmatia,
784 841 846 892 Cissi
854 841 937 892 vocati
944 857 952 903 ;
965 839 1017 902 yid.
1029 840 1096 893 Plin.
1104 842 1161 906 VI,
1177 859 1201 910 7.

267 983 300 1036 V.
312 985 371 1036 131.
383 989 476 1054 Ignotis
487 990 570 1038 insons
577 1025 585 1048 ,
596 990 738 1057 Aduuaspe,
750 989 860 1041 metallis.
875 1019 910 1028 -
919 988 1049 1061 Arimaspi
1061 989 1129 1042 ultra
1141 988 1253 1060 Scythas
1265 1000 1292 1040 et

233 1065 378 1120 Essedonas
386 1067 540 1122 babitabant
550 1088 559 1134 ;
568 1069 621 1124 vid.
633 1069 759 1125 Herodot.
770 1071 821 1135 IV,
836 1072 875 1124 13.

269 1203 305 1256 V.
320 1202 378 1267 134.
389 1209 445 1257 Non
456 1225 501 1275 ego
511 1209 653 1275 sangumeis
659 1221 796 1276 gestantem
808 1222 924 1274 pampano
933 1209 1000 1258 bellis

395 1291 565 1358 Thyrsageten.

236 1409 395 1475 Thyrsagetas
416 1407 486 1480 apud
511 1408 676 1464 Herodotum
697 1409 813 1481 aliosque
834 1420 955 1462 auctores
976 1419 1107 1462 vocantur*
1129 1411 1293 1476 Thyssagetae.

234 1490 354 1544 Valerius
380 1489 430 1544 boc
456 1510 554 1546 nomen
576 1493 684 1565 paulum
705 1490 866 1558 immutavit,
886 1505 962 1545 ntea
982 1490 1293 1564 querelentde'eornm

235 1585 310 1656 ortu,
321 1592 353 1626 ac
366 1573 399 1628 de
413 1575 511 1629 lanceis
522 1577 673 1648 tbyrsorum
689 1576 835 1641 similibus,
850 1593 911 1628 cnm
925 1575 1033 1627 nomine
1045 1587 1228 1646 congruerent.

270 1729 305 1781 V.
320 1735 378 1794 141.
390 1735 424 1786 Es
437 1736 497 1782 Eooe
510 1734 667 1783 meinoraua's
678 1735 735 1782 usta
746 1751 849 1801 pugna.
864 1762 899 1770 -
912 1732 1049 1784 Cretenses
1063 1749 1093 1783 ac
1106 1727 1295 1783 Lacedaemonii

235 1812 352 1866 similiter
362 1811 395 1866 ad
406 1833 538 1886 pugnam,
550 1825 659 1867 canente
668 1814 730 1866 tibia
740 1855 747 1881 ,
758 1813 936 1886 procedebant
947 1833 955 1881 ;
969 1811 1023 1867 vid.
1036 1813 1127 1884 Polyb.
1139 1812 1189 1878 IV,
1202 1831 1243 1865 20.

271 1967 304 2018 V.
322 1969 379 2030 143.
395 1969 483 2035 Juugit
495 1987 550 2035 opes
564 1971 674 2019 Eumeda
688 1986 756 2019 suas.
766 1965 963 2038 -Legendum
979 1965 1083 2020 videtur
1092 1967 1191 2024 ,Emoda
1201 2002 1209 2026 ‚
1220 1981 1296 2016 mons

237 2051 322 2113 Asin,
336 2049 415 2102 Sacas
431 2050 465 2102 ab
479 2050 554 2102 ludia
568 2050 762 2103 disterminans.

274 2206 309 2258 V.
322 2204 380 2260 150.
389 2209 488 2274 Impulit
500 2221 523 2256 et
539 2209 623 2257 drsbios
638 2209 744 2272 Phrynoi
759 2207 857 2258 velleris
873 2208 950 2256 ardor

392 2293 524 2350 Centoras,
540 2305 564 2341 et
577 2292 642 2342 dirus
658 2291 753 2358 magico
771 2304 861 2341 terrore
874 2292 998 2342 Choatras.

214 2447 218 2450 ·
241 2429 353 2477 Gersmm
366 2437 426 2478 sunt
439 2425 536 2496 ignoti;
550 2429 660 2479 Choatres
671 2437 732 2479 sunt
744 2425 875 2479 Sarmatiae
886 2423 995 2497 populi,
1005 2422 1040 2476 ad
1052 2423 1164 2476 Tanaim
1180 2420 1299 2473 babitan-

241 2523 295 2573 tes;
309 2507 362 2562 vid.
375 2508 443 2560 Plin.
455 2509 511 2575 VI,
522 2528 545 2580 7.

277 2647 311 2698 V.
326 2646 376 2716 174
378 2682 644 2698 ................
650 2665 723 2713 qraam
734 2666 780 2697 nee
792 2637 839 2696 deci
850 2638 1065 2703 tassaesbseudo,

382 2734 435 2780 Nee
440 2744 514 2798 pater
523 2733 657 2782 horrentem
666 2733 783 2789 colubris,
797 2733 915 2796 uultuque
924 2729 1072 2780 tremendam

384 2817 521 2881 Gorgoneo.

244 2953 332 2996 Lassat
351 2947 472 2998 labendo.
492 2942 694 3016 ConserVirgil.
709 2947 772 2998 AEn.
791 2945 860 3009 XII,
874 2942 923 2996 88:
945 2944 1021 2993 Simul
1037 2956 1108 3010 optat
1122 2942 1233 2993 hebetudo
1248 2943 1300 2988 En-

242 3050 340 3098 semque
351 3034 516 3099 alrpemnque.
528 3062 563 3070 -
572 3033 625 3082 Nec
631 3044 711 3097 pater.
721 3027 793 3094 Quid
803 3038 876 3099 pater
889 3024 931 3078 hic
942 3025 991 3077 sibi
1005 3024 1067 3077 velit
1076 3042 1129 3075 non
1138 3023 1200 3076 satis
1210 3022 1299 3093 liquet.

242 3115 330 3167 Potuit
342 3127 428 3166 tamen
443 3127 536 3167 auctor
547 3116 598 3166 hac
611 3131 675 3167 voce
693 3115 783 3181 lovem
799 3111 952 3180 designare,
963 3110 1038 3180 cujus
1054 3107 1162 3181 propria
1176 3119 1214 3158 est
1225 3103 1301 3175 egis,

243 3195 340 3266 quippe
362 3193 408 3265 qui
431 3197 537 3266 αἰγίοχος
555 3203 665 3246 vocatur
684 3193 806 3245 Homero.
825 3191 926 3260 Jupiter
944 3207 1038 3260 nempe
1060 3206 1091 3240 ac
1112 3185 1231 3238 Minerua
1248 3203 1302 3236 nou

245 3296 346 3348 semper
366 3289 477 3329 utuntur
494 3275 592 3347 oegide,
607 3279 748 3344 prirnosque
766 3279 850 3327 sinunt
866 3293 1009 3324 consumere
1021 3291 1129 3340 pssgnus.
1144 3269 1205 3321 Mox
1219 3284 1300 3329 eam,

244 3359 361 3413 fervente
373 3379 480 3430 pugna,
494 3371 519 3412 et
533 3371 656 3432 poscente
667 3359 796 3432 periculo,
809 3357 975 3430 depromunt.

282 3515 316 3566 V.
331 3519 388 3585 176.
398 3518 450 3566 Nee
461 3516 591 3566 semineces
604 3517 731 3566 ostendere
743 3515 821 3564 annes
831 3517 930 3580 Tempus
942 3509 1212 3562 aditum-Semineces
1225 3505 1303 3554 crines

245 3596 364 3650 indicant
376 3596 464 3651 vitales
477 3597 599 3670 reliquias
616 3615 750 3669 superesse
763 3596 893 3667 anguibus
904 3593 1020 3646 Medusae
1035 3603 1115 3662 capnt
1128 3586 1303 3659 cingentibus.

246 3681 288 3735 Sic
306 3681 432 3751 Virgilius
453 3681 529 3752 fingit
550 3681 672 3752 Gorgona
697 3681 802 3734 desecto
825 3693 957 3732 verentem
975 3676 1073 3730 lumina
1101 3672 1179 3728 oollo.
1195 3671 1237 3724 sic
1257 3669 1304 3723 Sil.

249 3764 309 3817 Ital.
323 3765 377 3832 lx,
389 3766 455 3828 463:

333 3907 334 3912 =
387 3885 485 3931 Erexere
496 3899 576 3930 omnes
586 3883 695 3928 immania
705 3880 807 3927 membra
819 3878 937 3938 chelydri.

387 3957 475 4020 aegide
484 3969 606 4004 commota.

249 4087 288 4140 Id.
301 4087 367 4138 Vlll
380 4129 386 4151 ,
403 4085 452 4156 519
466 4103 471 4136 :
484 4087 585 4136 etereeu'
594 4085 817 4149 sedensutpcumris
833 4099 936 4148 assgsses.
