2994 4702
217 387 281 465 314
655 368 846 448 oneum

260 520 539 607 Ambrosiumque
555 516 675 581 bibunt
692 531 827 582 succum
844 516 885 582 de
900 539 973 580 rore
996 518 1141 605 perenni.

260 635 322 699 Pur
337 634 412 698 illos
430 631 562 698 decorat
577 647 704 698 aetatem
720 632 877 721 splendor
891 633 925 696 in
943 651 1092 713 omnem,

261 747 481 835 Arridentque
497 746 560 812 illis
578 747 691 830 facies,
713 749 868 836 oculique
884 743 990 812 sereni
1013 783 1016 790 v

262 861 414 926 Patribus
431 884 468 925 ac
483 862 612 950 pueris;
633 877 704 925 tum
715 881 793 927 vero
809 849 912 927 menti
930 864 1105 952 animoque

265 977 400 1042 lustitiae
418 977 545 1061 cultus,
566 969 600 1041 et
615 979 700 1042 inest
713 977 887 1067 prudentia
904 975 1025 1042 verbis

264 1093 334 1157 Hos
348 1091 450 1186 igitur
464 1090 583 1156 densos
597 1093 837 1180 percurrimus,
856 1093 925 1184 ipss
941 1090 1084 1180 pedestri

266 1209 374 1272 Litora
389 1209 739 1298 transigimusgressu3
757 1225 827 1274 tum
841 1209 1091 1274 Cimmeriorum

265 1323 420 1389 Velocem
435 1323 476 1388 ad
496 1325 573 1388 litus
594 1346 709 1389 navem
729 1324 962 1414 propellimus3
984 1324 1113 1388 bisunt
1248 1351 1299 1375 mn

264 1439 421 1504 Phoehaeae
440 1453 527 1508 totos
545 1455 690 1530 expertes
707 1425 870 1530 lampadis
889 1463 993 1505 annos
1011 1463 1018 1505 :

263 1556 348 1621 Nam
365 1575 459 1619 mons
476 1555 670 1644 Rhiphoeus‚
687 1569 720 1619 et
733 1571 843 1620 vertex
862 1555 993 1643 Calpius
1009 1555 1098 1618 illinc

262 1669 458 1735 Nascentem
472 1686 623 1735 avertunt
636 1663 757 1753 solem'3
775 1669 965 1736 densissimo
979 1669 1117 1758 Phlegre
1145 1739 1148 1746 Δ

263 1787 290 1849 Α
305 1784 413 1852 medio
430 1803 533 1851 vastas
552 1808 753 1876 consurgens
767 1786 907 1876 porrigit
921 1784 1054 1850 umbras

229 1887 232 1892 ’
263 1901 375 1989 Usque
392 1900 463 1982 die,
478 1900 654 1990 radiosque
673 1902 780 1966 omnis
797 1899 993 1990 regionibus·
1006 1900 1067 1963 illis

264 2017 429 2082 Continuo
446 2017 606 2081 immersis
625 2016 775 2081 adimunt
788 2017 924 2106 caligine
939 2016 1025 2082 solis.

308 2131 451 2220 Digressi
465 2130 545 2195 hinc
563 2130 678 2220 igitur,
694 2130 900 2220 pedibusque
917 2153 954 2195 ea
969 2129 1064 2194 litora
1084 2129 1209 2208 mensi,
1235 2123 1240 2132 ’

265 2243 423 2308 Venimus
440 2243 482 2308 ad
499 2244 672 2334 scopulum
692 2244 830 2327 fortem,
849 2245 993 2332 litusque
1008 2263 1182 2323 serenum3

264 2357 454 2423 Vorticibus
474 2357 592 2424 fluvius
608 2359 787 2424 decurrens
802 2358 880 2424 inde
895 2357 1068 2449 profundis

264 2475 394 2538 Aureus
414 2497 432 2538 e
452 2473 564 2564 gelidis
579 2476 728 2540 Acheron
744 2476 925 2565 perlabitur
939 2475 1015 2539 oris.

264 2568 362 2652 Hunc
377 2589 522 2678 primum
541 2591 649 2654 vitreis
666 2607 852 2655 currentem
868 2590 1042 2654 intersecat
1055 2585 1151 2652 undis

263 2703 363 2794 Nigra
380 2703 491 2793 palus,
509 2727 673 2792 raucoque
690 2723 808 2770 sonant
820 2705 900 2770 hinc
915 2725 1086 2768 murmure
1099 2703 1186 2791 ripae.

263 2819 371 2883 Densa
389 2841 448 2907 per
465 2819 523 2884 has
539 2817 634 2884 viridi
651 2837 728 2902 sunt
743 2819 860 2884 fronde
877 2818 1027 2900 arbusta,
1045 2819 1224 2904 feruntque

263 2933 422 2999 Assiduos
437 2935 563 2998 fructus
578 2952 757 3022 noctesque
770 2932 906 3022 diesque
920 2955 979 3022 per
990 2953 1121 3015 omnes,

246 3037 249 3043 ¹
264 3049 399 3138 Statque
413 3049 546 3114 humilis
563 3029 687 3115 circum
705 3051 792 3114 vesci
809 3050 898 3113 utilis
917 3049 1117 3131 hemmonis,

265 3165 370 3230 Ornat
384 3180 418 3228 et
432 3163 487 3228 hic
503 3147 604 3228 muris
620 3167 708 3229 vicos
728 3185 888 3252 appensa,
903 3165 1046 3252 viasque.

266 3279 324 3344 His
342 3301 476 3368 quoque
497 3300 577 3368 gens
593 3278 659 3343 oris
681 3277 855 3342 hominum
871 3278 1047 3359 justissima
1059 3278 1154 3358 vivit,

265 3396 337 3483 lpse
356 3393 476 3483 quibus
486 3374 567 3458 satis
583 3408 632 3458 est
647 3393 736 3458 naris
750 3393 968 3458 morientibus
988 3416 1063 3457 una.

264 3508 414 3598 Namque
428 3509 543 3574 animae
563 3511 654 3573 tenui
666 3525 764 3573 rectae
778 3531 837 3598 per
853 3507 988 3574 flumina
1001 3508 1133 3599 cymba,

266 3623 445 3704 Trujiciunt
460 3625 563 3712 ripas3
578 3625 729 3688 visuntur
745 3625 895 3713 protinus
909 3625 1024 3706 urbes,

269 3739 459 3828 Infernique
477 3740 563 3828 fores
581 3741 711 3824 valide,
727 3763 928 3830 somnusque
946 3740 1141 3830 profundus.

269 3858 327 3920 Ast
340 3854 397 3918 ubi
411 3854 544 3942 jamque
557 3855 736 3919 hominum¹
748 3879 876 3939 mores,
889 3872 923 3920 et
937 3856 1089 3920 novimus
1106 3855 1221 3918 urbem

267 3968 388 4057 Magno
405 3968 550 4034 infelices
569 3993 604 4034 ea
622 3971 726 4035 mensi
745 3969 840 4034 litora
858 3969 997 4051 damno,

268 4084 354 4148 Tum
368 4106 507 4173 propere
523 4088 662 4150 Ancaeus
679 4107 791 4149 navem
812 4087 908 4173 petit3
926 4087 1017 4150 ocius
1036 4107 1150 4150 omnes
