2994 4702
502 366 923 433 Anconsurlnusr.
1181 370 1239 434 381
1359 367 1361 374 ’
1479 331 1480 404 l

182 493 280 581 guinc
305 491 499 573 conjunctus
522 490 653 554 Herculi
676 491 792 579 Hylas;
818 513 892 556 narn
916 492 1003 578 Ceyx
1028 490 1113 556 lilius
1137 493 1244 558 fratris

172 597 448 687 Amphitryonis,
478 611 558 660 teste
573 596 680 662 Schol.
698 597 852 685 Sophocl.
871 597 987 661 Trach.
1010 619 1056 661 vs.
1080 598 1131 685 39.
1156 599 1244 662 Alios

184 701 301 788 Hylam
319 723 395 767 cum
417 701 513 786 Hyllo
537 700 741 782 confudisse,
761 725 800 766 cx
825 700 940 766 eodem
964 703 1126 789 Apollonii
1150 703 1247 768 Scho-

183 809 273 874 liaste
289 824 393 896 patet3
411 806 499 872 unde
515 809 648 872 fortasse
665 808 716 872 illa
736 810 846 897 opinio
863 807 904 872 dc
923 811 1027 895 Ceyce
1045 810 1148 873 venit:
1170 833 1243 874 narn

183 911 314 1000 Hyllum
335 911 422 1002 apud
443 915 581 1001 Ceycem
606 936 713 1002 regern
737 913 904 978 Trachinis
927 913 1110 980 consedisse
1136 916 1247 980 scribit

184 1017 319 1084 Diodor.
337 1017 391 1083 lib.
407 1017 550 1106 1v,png.
568 1019 644 1104 169,
661 1035 694 1082 et
709 1019 845 1082 Pausan.
863 1019 919 1083 lib.
936 1021 970 1100 l,
991 1019 1043 1084 33.
1060 1021 1163 1084 Mater
1177 1021 1246 1101 ejus

184 1125 345 1190 Menodice
359 1124 400 1188 ab
413 1124 542 1213 Hygino
554 1123 690 1206 dicitur,
715 1125 770 1189 ubi
784 1125 980 1190 Munclrcrus
996 1128 1117 1190 mavult
1131 1127 1247 1192 Merio-

184 1233 273 1296 m'ce'rr
282 1279 292 1312 ,
313 1230 443 1295 Orionis
458 1229 555 1294 filiam
568 1231 675 1294 vocari
691 1253 730 1294 ex
743 1232 850 1294 Tacta.
865 1231 1000 1295 Chiliad.
1015 1231 1133 1314 11,43;
1148 1239 1245 1320 quani

183 1335 323 1400 vidimus
338 1357 356 1399 a
372 1334 569 1423 quibusdam
585 1336 698 1400 haberi
716 1351 851 1400 matrem
872 1337 1035 1424 Euphemi.
1052 1337 1114 1402 Sed
1131 1338 1194 1403 hoc
1211 1340 1244 1402 in

184 1439 291 1506 medio
306 1441 530 1529 relinquimus.
544 1441 713 1531 Orpheus,
736 1463 765 1507 v.
783 1445 863 1523 aad,
878 1440 972 1523 dicit,
991 1442 1105 1530 Hylam
1123 1444 1247 1509 venisse

182 1545 224 1612 ad
245 1568 357 1611 navem
375 1549 481 1635 Argo,
507 1569 582 1610 cum
602 1546 658 1612 illo
672 1548 858 1626 Anchisem,
883 1549 954 1611 sive
964 1549 1083 1611 Acasto
1100 1548 1162 1637 (de
1181 1573 1247 1638 quo

183 1651 257 1716 vide
274 1653 309 1716 in
326 1651 509 1740 Anchistso)
525 1673 565 1715 ex
576 1651 707 1734 Pheris,
724 1651 758 1714 in
778 1652 957 1739 quostiam
979 1651 1153 1733 haeremus,
1171 1654 1245 1741 qnia

183 1757 236 1821 alii
249 1778 363 1821 omnes
377 1778 415 1820 cx
428 1756 614 1853 Dryopihus
630 1757 713 1821 circa
728 1757 845 1820 OEtam
863 1757 988 1821 venisse
1002 1759 1157 1822 scribunt.

228 2000 340 2082 lDAS‚
371 1997 452 2063 nulli
484 1997 641 2080 omissus,
668 1998 863 2079 Messenius,
890 1998 1030 2087 Apharei
1057 2015 1089 2062 et
1113 2003 1247 2084 Arcnae,

185 2105 301 2170 OEbali
320 2103 406 2187 filie,
421 2101 505 2167 filius
516 2151 524 2178 ‚
537 2102 635 2165 frater
649 2103 769 2185 Lyncei
780 2101 929 2192 Hygino,
941 2102 1004 2167 fab.
1021 2103 1071 2184 15,
1082 2104 1138 2168 ubi
1153 2107 1248 2172 Mun·

183 2210 298 2274 ckerus
314 2207 355 2272 de
372 2207 441 2288 ejus
457 2227 517 2270 avo
536 2205 668 2272 OEbalo
682 2205 779 2293 (narn
788 2207 902 2270 vitiose
913 2205 1054 2271 Bubalus
1064 2209 1247 2300 legebatur)

184 2315 352 2382 ridendus.
366 2317 410 2380 Et
425 2314 479 2378 hic
495 2335 534 2378 ex
549 2315 685 2403 posteris
703 2313 807 2397 AEoli3
821 2315 990 2403 Aphareus
1008 2318 1094 2380 enirn
1112 2317 1245 2384 Perieris

185 2422 286 2503 filius,
304 2441 405 2509 nepos
419 2419 521 2502 AE01i3
538 2416 725 2508 Apollodor.
742 2419 797 2484 lib'.
817 2420 849 2501 1,
866 2443 933 2510 cap.
951 2443 983 2508 9,
1000 2432 1015 2500 s
1032 2421 1066 2504 5,
1083 2423 1139 2487 ubi
1156 2425 1247 2513 Tyn·

184 2527 278 2592 darea
303 2527 398 2591 etiam
422 2523 525 2590 lilium
549 2524 626 2589 facit
650 2523 801 2606 Perieris‚
820 2541 858 2589 ut
880 2526 923 2589 ita
948 2529 1063 2591 Castor
1080 2545 1113 2592 et
1133 2530 1248 2594 Pollux

183 2633 305 2697 fuerint
317 2631 477 2720 patrueles
493 2629 557 2694 Idae
576 2647 609 2694 et
626 2631 763 2718 Lyncei,
782 2645 814 2694 et
829 2631 907 2694 hinc
923 2633 1031 2696 Schol.
1046 2635 1196 2722 Apollon.
1212 2638 1246 2718 l,

189 2739 267 2820 151,
281 2736 359 2801 dicit
382 2735 455 2800 illos
476 2757 552 2800 cum
572 2735 740 2798 Dioscuris
763 2735 858 2798 simul
875 2736 1059 2802 adolevisse.
1079 2739 1140 2804 Alii
1157 2741 1247 2806 hunc

185 2842 352 2924 Periercn,
365 2855 488 2928 patrem
503 2839 657 2928 Apharei,
671 2837 771 2902 filium
784 2839 908 2904 faciunt
921 2843 1088 2930 Cyneum,
1100 2861 1138 2906 ut
1150 2846 1248 2933 Apol·

185 2947 249 3013 lod.
268 2948 335 3030 ΙΙΙ,
349 2969 418 3036 cap.
439 2967 495 3026 ro,
507 2951 525 3026 s
539 2943 569 3009 3.
587 2945 629 3007 Et
645 2944 816 3009 Pausanias
827 2945 899 3026 ,lib.
912 2949 977 3028 lll,
988 2970 1056 3036 cap.
1076 2972 1088 3012 1
1102 2997 1110 3030 ,
1122 2951 1247 3038 Cynos-

185 3070 250 3118 tam
267 3053 342 3118 facit
357 3050 473 3117 OEbali
488 3065 630 3139 patrem,
644 3050 734 3114 hunc
746 3072 823 3114 vero
840 3049 968 3116 duxisse
986 3053 1247 3144 Gorgophonen,

184 3159 291 3226 Persei
308 3157 424 3240 filiam,
440 3174 473 3222 et
490 3155 566 3221 inde
584 3172 695 3222 natum
710 3155 893 3246 Tyndarea,
911 3159 953 3222 ira
971 3176 1008 3224 ut
1025 3159 1248 3250 Gorgophone

184 3268 234 3332 bis
260 3281 361 3354 nupta
389 3264 503 3346 haeris,
523 3264 612 3352 prius
641 3262 775 3344 Perieri,
804 3261 892 3326 unde
918 3264 1101 3352 Aphareus,
1129 3267 1247 3334 deinde

185 3373 327 3454 OEbalo,
343 3367 638 3457 unde‘l'yndareus,
650 3384 688 3432 ut
705 3367 802 3432 luerit
818 3367 916 3432 frater
933 3370 1070 3457 Apharei
1088 3373 1246 3456 ὁμομήτριός,

184 3495 218 3544 et
233 3479 288 3544 lib.
302 3476 358 3559 Ν,
373 3499 407 3558 a,
427 3475 547 3540 Perieri
560 3472 615 3538 dat
628 3495 667 3538 ex
680 3472 903 3563 Gorgnphone
914 3471 998 3539 duos
1017 3473 1114 3558 filios,
1134 3480 1245 3566 Apha.

186 3607 237 3649 rea
254 3599 287 3649 er
300 3583 512 3670 Leucippum.
526 3579 674 3668 Apharea
686 3600 762 3642 vero
774 3575 957 3642 condidisse
970 3582 1099 3644 Arenen
1113 3583 1246 3666 urbem,

185 3689 303 3755 dictam
321 3711 338 3752 a
356 3687 418 3752 lilia
436 3685 551 3750 OEbali
564 3705 666 3749 uxore
680 3705 751 3765 sua;
770 3683 913 3770 Apharei
932 3702 1041 3748 autem
1059 3683 1140 3752 filios
1157 3689 1246 3756 Idam

184 3813 217 3860 et
229 3795 356 3882 Lyncea
368 3807 536 3858 memorat.
546 3789 738 3854 scholiastes
754 3788 907 3871 Homeri,
925 3788 1014 3854 Iliad.
1025 3791 1053 3873 l,
1070 3789 1143 3880 557,
1157 3793 1246 3879 dicit,

186 3901 279 3967 Idam
295 3899 394 3988 vulgo
410 3897 523 3962 haberi
542 3895 681 3984 Apharei
702 3893 827 3976 filium,
849 3887 907 3958 sed
932 3917 1041 3960 revera
1067 3899 1164 3964 fuisse
1182 3903 1248 3968 Nc·

186 4006 299 4094 ptuni3
323 4003 413 4094 quod
438 4019 471 4068 et
494 3999 632 4072 affirmat
658 3997 809 4088 Apollod.
830 4000 851 4065 l.
871 4001 892 4064 l.
912 4000 968 4065 lib.
992 4000 1050 4068 Ill.
1074 4006 1123 4070 De
1147 4026 1248 4074 matre

186 4113 282 4178 ctiam
297 4115 402 4178 Arene
417 4133 485 4176 non
496 4127 610 4176 omnes
624 4107 852 4188 conscotinum
865 4107 1032 4172 Scholiast.
1046 4111 1131 4176 enirn
1143 4117 1248 4203 Apoll.
