2958 4704
472 303 909 371 ARGONAUTARUM.
1158 311 1218 386 tior

161 433 234 496 lacit
258 431 452 508 Galliarum,
469 426 571 492 lilium
589 427 745 492 Odoedoci
764 444 796 490 et
814 429 1006 492 Laonornes.
1032 431 1121 495 Uxor
1144 433 1229 498 Oilei

159 539 365 625 luitEriopis,
377 557 415 600 ex
431 557 495 622 qua
510 533 589 614 Ajax
605 549 700 598 natus
719 534 800 614 suit,
816 535 912 598 Hom.
933 535 1022 600 Iliad.
1040 538 1135 620 Xlll,
1149 541 1226 627 697,

161 661 195 710 ct
210 645 282 725 XV,
297 643 372 724 3363
388 665 427 706 ex
443 640 557 704 llhenc
574 639 757 704 concubina
775 640 890 706 habuit
907 639 1076 724 Medonts,
1092 645 1225 711 Homer.

162 748 251 814 Iliad.
261 751 305 827 ΙΙ,
314 770 387 835 727.
400 746 601 810 Memoratur
614 744 751 808 verohic
761 747 846 809 inter
853 747 1053 835 Argonautas
1067 749 1108 814 ab
1118 755 1227 816 omni-

163 857 240 938 bus,
249 852 508 944 praeterquamab
516 849 727 939 Apollodoro.
745 852 846 916 Dotes
860 852 929 932 ejus
940 855 1117 941 precipuas
1130 857 1228 924 fuisse

163 961 240 1028 dolo
258 961 367 1024 hostes
385 957 515 1048 aggredi
538 979 556 1020 a
582 971 690 1046 tergo,
708 959 734 1020 si
754 957 906 1022 inclinata
926 976 1010 1024 esset
1026 960 1126 1044 acies,
1144 967 1231 1030 canit

164 1066 315 1156 Apollon.
333 1067 367 1144 1,
380 1065 440 1152 753
453 1063 544 1152 quod
560 1079 670 1151 posset
687 1063 821 1153 intelligi
838 1087 905 1128 non
925 1063 966 1129 de
984 1066 1051 1130 acie
1068 1066 1231 1154 hostium,

164 1171 222 1238 sed
246 1170 378 1252 desua,
395 1171 427 1233 in
450 1192 517 1258 qua
538 1167 703 1258 pugnabat
727 1168 854 1250 Oileus,
881 1193 953 1258 quse
970 1193 1072 1258 quum
1090 1173 1232 1263 fugeret,

165 1281 249 1368 ipse,
261 1276 351 1365 quasi
365 1277 399 1340 in
417 1290 509 1364 tergo
527 1297 643 1338 manus
658 1275 811 1358 haberet,
826 1275 1034 1363 insequentes
1053 1277 1162 1344 hostes
1177 1305 1235 1370 po·

100 1407 102 1412 ·
165 1400 248 1450 terat
265 1384 437 1472 impeter03
450 1399 484 1447 et
500 1380 542 1446 ad
558 1403 634 1446 eum
652 1382 755 1463 forte,
768 1403 835 1446 non
853 1379 954 1446 filium
969 1383 1114 1464 Ajacem,
1125 1387 1235 1453 referri

166 1491 219 1558 illa
245 1489 346 1556 Servii
371 1505 506 1578 possent
528 1489 569 1553 nd
588 1488 717 1554 AEneid.
743 1490 775 1563 Ι,
795 1492 854 1566 ιίιε
873 1489 924 1552 «Α
941 1489 1051 1553 multis
1075 1490 1236 1560 historicis

40 1591 43 1598 .
167 1597 285 1663 Gumis
297 1595 423 1660 ,eniam
442 1617 577 1660 manum
593 1593 711 1659 dicitur
728 1610 802 1682 post
818 1610 944 1684 tergum
966 1595 1134 1680 habuisse,
1147 1602 1236 1687 quod

169 1701 243 1768 ideo
259 1717 308 1766 est
325 1701 457 1784 fictum,
470 1701 545 1789 quia
562 1701 608 1764 sic
625 1701 773 1766 celeriter
788 1701 939 1765 utebatur
953 1701 988 1764 in
1005 1702 1115 1788 praelio
1132 1709 1237 1771 mani·

169 1809 249 1890 bus,
263 1823 301 1872 ut
316 1807 442 1872 tertiam
459 1807 579 1872 habere
594 1821 798 1896 putaretur».
817 1806 947 1889 Quibus
963 1805 1070 1870 verbis
1086 1809 1112 1872 si
1126 1811 1238 1878 liceret

171 1934 359 2002 preponere
370 1915 441 2000 qui,
451 1928 483 1976 et
495 1912 540 1976 ita
550 1927 762 1992 connectere,
774 1933 851 1975 sane
864 1911 915 1975 lu'e
925 1913 1020 2000 aljan
1037 1913 1122 1977 Oilei
1121 1913 1221 2000 filius
1226 1971 1235 2002 ,

170 2021 227 2108 qui
238 2041 259 2082 α
270 2017 441 2097 meltis,ad
452 2033 668 2105 patrem,non
685 2015 789 2082 filium
808 2017 923 2081 lubens
940 2015 1238 2108 relemem3quam.

171 2125 219 2188 ris
243 2145 309 2188 non
331 2146 491 2214 pugnem,
509 2123 536 2186 si
561 2122 603 2188 de
628 2123 700 2211 ipso
719 2123 817 2204 Ajace
832 2123 905 2211 quis
918 2122 1016 2186 ‘vellet
1033 2145 1164 2226 capere,
1181 2133 1238 2219 qui

173 2230 283 2296 eadem
309 2227 404 2311 dote,
418 2251 482 2318 qua
508 2244 599 2316 pater
621 2228 812 2308 instructus,
827 2228 935 2293 hostes
954 2229 988 2291 in
1010 2227 1120 2318 fugam
1144 2235 1237 2300 datos

173 2336 253 2400 mira
264 2335 429 2400 velocitate
443 2334 570 2422 insequi
586 2351 670 2398 esset
685 2334 819 2415 solitus,
831 2334 920 2399 unde
930 2349 1008 2416 ταχὺς
1027 2339 1189 2424 Homero,
1205 2361 1239 2408 ct

175 2441 325 2522 Horatio,
338 2439 399 2506 Od.
415 2441 446 2522 Ι,
462 2442 499 2504 15
511 2488 520 2521 ,
531 2439 612 2504 celer
621 2441 709 2529 sequi
722 2439 858 2522 dicitur3
870 2441 927 2506 sed
942 2443 1011 2510 haec
1025 2448 1239 2537 relinquimus

175 2547 208 2609 in
227 2545 344 2612 medio.

220 2789 431 2872 oltPHEUS,
446 2791 673 2856 celeberrimus
684 2810 787 2874 vates,
799 2812 831 2858 ct
843 2795 883 2859 de
898 2797 989 2878 cujus
1005 2802 1157 2889 sapientia
1172 2828 1242 2868 niu·

177 2887 242 2960 sica
256 2895 365 2958 omnia
379 2894 534 2958 Veterum
551 2913 765 2962 monumenta
782 2901 876 2987 plena
895 2918 1022 2984 sunt,a
1040 2907 1130 2970 nullo
1144 2915 1243 2997 Argo·

180 2999 383 3065 nauticorum
400 2998 594 3086 scriptorum
609 3023 675 3065 non
691 3001 889 3085 celebratus,
904 3027 1003 3092 quare
1018 3031 1079 3072 nec
1092 3028 1241 3076 nostrum
1287 3075 1290 3084 ,

178 3121 227 3170 est
240 3103 425 3168 institutum
440 3125 574 3192 operose
592 3103 632 3168 de
648 3127 688 3170 eo
703 3127 807 3195 agere.
824 3109 871 3172 De
889 3113 1077 3197 parentibus
1092 3115 1159 3194 ejus
1175 3140 1241 3180 non

178 3210 341 3276 convemt.
366 3209 507 3292 Quidam
527 3209 686 3298 Apollinis
712 3228 744 3276 et
773 3211 945 3304 Calliopes,
966 3217 1018 3280 alii
1043 3219 1185 3308 OEagri,
1208 3241 1244 3287 ut

176 3317 305 3396 Noster,
317 3317 381 3397 lV,
394 3315 474 3396 348,
489 3314 591 3379 filium
608 3317 748 3401 iaciunt,
760 3317 833 3383 vide
847 3319 954 3386 Schol.
969 3323 1119 3411 Apollon.
1135 3327 1167 3405 l,
1181 3331 1244 3411 23,

177 3437 210 3486 et
229 3419 377 3486 Munker.
394 3422 435 3485 ad
453 3421 573 3509 Hygin.
591 3426 639 3500 14.
654 3421 766 3487 Potuit
774 3445 851 3488 vcro
864 3447 973 3490 revera
988 3429 1114 3517 OEagn‘
1128 3431 1243 3516 fuisse,

179 3524 234 3590 sed
257 3525 387 3590 habitus
401 3525 575 3613 Apollinis,
589 3525 664 3612 quia
677 3541 763 3590 rates
779 3542 812 3590 et
826 3545 920 3616 poeta
937 3533 1092 3596 excellens
1111 3534 1192 3616 fuit,
1209 3557 1244 3602 ut

180 3633 212 3695 in
232 3631 342 3719 Mopso
355 3631 494 3696 vidimus
506 3647 539 3694 et
550 3631 637 3714 aliis;
652 3649 686 3695 et
701 3633 808 3698 Schol.
822 3633 970 3718 Pindari,
983 3637 1074 3728 Pyth.
1094 3641 1149 3724 IV,
1166 3641 1245 3727 313,

182 3751 286 3818 notat,
298 3754 336 3800 ut
350 3759 389 3800 ex
403 3737 498 3817 Jove,
510 3753 542 3800 et
556 3737 641 3800 Joris
659 3736 715 3800 filii
731 3741 825 3827 regesi
838 3739 1001 3822 dicuntur,
1023 3744 1065 3808 ita
1086 3765 1189 3834 poetes
1212 3768 1246 3814 ct

181 3843 351 3908 citharistas
371 3864 410 3906 ex
427 3842 586 3930 Apolline.
604 3842 759 3931 Magister
775 3845 927 3934 Eumolpi
944 3847 1063 3912 dicitur
1076 3851 1192 3916 ovidio
1207 3879 1246 3920 ex

183 3949 277 4014 Pont.
295 3948 360 4028 Ill,
375 3947 412 4028 3,
428 3951 466 4026 4ι
480 3995 489 4028 ,
504 3948 560 4011 ubi
576 3947 649 4012 ride
666 3963 768 4012 notas.
786 3949 846 4014 Hic
865 3951 911 4014 rei
928 3953 1072 4019 militaris
1092 3954 1200 4040 rudis,
1215 3978 1247 4022 et

184 4049 279 4113 etiam
294 4047 422 4124 debilis,
436 4067 619 4137 assumptus
632 4073 649 4114 a
663 4052 780 4115 Jasonc
792 4073 831 4115 ex
845 4055 980 4118 consilio
993 4056 1159 4138 Chironis,
1172 4062 1246 4146 quia

274 4153 317 4216 ΙΙ.
1099 4163 1139 4224 26
