2994 4702
287 328 350 394 ³86
674 323 962 388 CATALOGUS

242 475 244 480 ·
285 451 436 540 Apolloo.
454 451 488 530 I,
512 448 553 525 45
570 463 602 512 et
623 447 703 533 239,
733 463 765 510 et
785 447 867 510 infra
885 448 919 510 in
936 448 1060 510 satem.
1078 445 1284 510 Avunculum
1299 449 1355 512 la·

285 556 372 620 sonis
389 569 483 618 uocat
500 553 664 640 Hyginus,
680 552 755 638 quia
773 551 958 630 Alcimeden
975 567 1109 615 matrem
1126 551 1268 633 lenonie,
1283 553 1355 631 ejus

285 681 445 737 sororem,
469 674 501 719 ct
525 655 622 720 liliam
646 657 777 745 Phylaci
799 657 924 720 facinnt
947 657 1065 743 eliqui3
1084 656 1158 720 vide
1176 655 1288 720 Heius.
1312 656 1355 720 ad

256 787 260 797 ¹
287 763 381 828 ovid.
398 763 499 851 Epist.
517 763 616 842 XIII,
640 759 691 825 35.
712 761 774 825 Per
790 779 915 849 petrem
933 762 1030 825 etiam
1047 783 1087 825 ex
1100 761 1239 826 AEolidis
1255 761 1356 826 dedu·

283 871 376 936 cebet
394 890 514 958 genus:
533 867 694 952 Phylacus
707 868 795 931 enim
812 867 896 931 lilius
915 885 983 930 erat
1000 867 1128 954 IphicII,
1145 868 1243 948 hujus
1259 885 1355 954 pater

284 975 459 1063 Phylncut,
490 973 574 1038 illius
603 973 708 1036 Deion
735 973 785 1036 vel
814 973 998 1055 Deioneus,
1027 971 1113 1036 AEoli
1144 971 1247 1052 lilius3
1277 972 1354 1036 vide

283 1080 432 1148 Eustath.
447 1078 487 1142 ad
506 1081 638 1145 Homer.
656 1076 745 1142 Iliad.
762 1079 812 1159 II,
832 1079 914 1164 697,
935 1077 1082 1165 Apollod
1101 1078 1156 1145 lib.
1173 1080 1206 1160 1,
1224 1101 1295 1166 cap.
1311 1101 1354 1164 9,

283 1191 343 1264 54.
360 1185 519 1272 Phylaous
535 1207 612 1247 vero
626 1185 771 1270 primus,
794 1181 879 1246 lilius
897 1183 1051 1265 Deionis,
1070 1182 1352 1248 condiditurbem

284 1291 472 1380 Phylaoem,
489 1305 570 1354 teste
580 1288 750 1352 Eustathio
767 1304 800 1352 et
812 1288 979 1376 Stephano
995 1290 1029 1352 iu
1045 1298 1152 1354 maiae·
1166 1287 1254 1352 uude
1270 1289 1355 1374 Phys
1462 1355 1463 1360 ,

283 1397 418 1462 loct'clem
434 1395 557 1460 dictum
575 1394 790 1458 Protesilaum
806 1415 825 1456 a
840 1393 1028 1482 Propertio,
1046 1394 1080 1474 I,
1101 1417 1158 1480 19,
1177 1417 1196 1480 7
1216 1393 1352 1481 quidam

283 1517 418 1590 putam,
433 1523 537 1588 quum
555 1521 622 1562 non
639 1499 679 1562 ab
697 1497 830 1585 oppido,
840 1496 898 1562 sed
913 1499 953 1562 ab
970 1521 1030 1562 aro
1044 1499 1186 1588 Phyluco
1199 1501 1242 1581 II,
1259 1517 1354 1588 patre

282 1602 415 1696 Iphicli,
438 1607 483 1668 ita
499 1603 747 1669 denominetur:
767 1625 842 1666 nam
859 1603 900 1667 ab
917 1601 1038 1692 oppido
1054 1605 1166 1694 gentili
1182 1615 1352 1686 mucleto,

282 1713 333 1777 vel
349 1733 407 1800 per
424 1710 626 1799 periphrasin
645 1722 673 1772 ta
687 1721 816 1790 estisne,
834 1707 898 1774 dici
912 1708 1010 1773 docet
1025 1709 1224 1798 Stephanus3
1238 1733 1353 1798 quam·
1462 1693 1463 1762 l

282 1819 329 1882 vis
345 1833 378 1880 et
389 1827 525 1898 Φυλάκιος,
541 1814 582 1879 de
593 1814 777 1895 Protesilai,
788 1814 901 1902 Iphicli
914 1813 989 1897 filii,
1002 1815 1102 1903 patria
1117 1814 1205 1903 apud
1217 1815 1351 1880 Lucian.

283 1925 314 1986 in
333 1923 416 1986 Dial.
434 1922 532 1985 Mort.
548 1943 579 2006 p.
595 1919 671 1998 145,
692 1917 770 1982 edit.
788 1917 937 1984 Bourdcl.
958 1937 1116 1984 occurrat.
1134 1919 1249 2009 Iphicli
1264 1943 1352 1985 uxor

283 2027 454 2094 Diome-‘lea
478 2026 597 2125 dicitur
619 2025 660 2089 ab
685 2025 833 2114 Hygino,
856 2027 919 2090 fab.
942 2026 1018 2108 1033
1042 2025 1100 2090 sed
1122 2026 1169 2091 ibi
1185 2029 1293 2116 agitur
1308 2029 1352 2092 de

280 2133 419 2220 Iphiclo,
447 2132 594 2196 Herculis
618 2131 734 2211 fratre,
764 2130 805 2194 de
822 2152 888 2218 quo
905 2133 939 2194 in
950 2131 1047 2195 'Iolao
1064 2131 1223 2212 vidimus,
1248 2157 1350 2220 quem

280 2240 428 2327 Hyginus
446 2235 523 2300 dicit
541 2258 611 2302 esse
628 2234 751 2300 dictum
769 2236 997 2317 Protesilaum,
1016 2261 1118 2325 quum
1135 2239 1267 2327 proprio
1285 2261 1350 2304 no·

283 2345 370 2410 minc
395 2341 504 2406 Iolaus
534 2341 683 2424 dicatur;
715 2341 789 2405 vide
819 2341 990 2408 Munclreri
1021 2359 1124 2408 notas.
1159 2347 1350 2410 Eustethius

282 2448 462 2534 Astyochea
482 2463 575 2510 vocat
598 2467 733 2510 uxorem
758 2445 892 2534 Iphicli,
916 2471 988 2535 quae
1013 2447 1138 2513 diversa
1160 2449 1287 2516 ridetur
1307 2453 1349 2516 ab

281 2554 450 2640 Astyoche,
470 2553 596 2617 Actoris
610 2551 691 2633 lilia,
705 2552 745 2616 de
759 2577 823 2640 qua
840 2552 980 2619 vidImus
995 2556 1029 2618 in
1046 2555 1181 2620 Almelo.
1197 2557 1259 2620 Hic
1271 2581 1349 2622 tero

281 2677 368 2724 tanta
384 2659 506 2748 pedum
521 2659 648 2722 levitate
664 2675 696 2722 et
713 2661 902 2748 pernicitate
916 2683 1030 2724 cursus
1046 2661 1144 2727 fuisse
1160 2661 1289 2746 dicitur,
1309 2683 1349 2729 ut

280 2787 377 2854 supra
393 2765 495 2852 spicas
508 2764 648 2828 triticeas
661 2780 771 2851 posset
783 2787 924 2846 currere,
938 2788 1064 2831 neceas
1079 2783 1186 2832 tamen
1201 2769 1347 2852 laederet,

280 2872 347 2952 vel,
372 2885 410 2934 ut
434 2872 625 2935 Demaratus
648 2869 772 2952 aicbat,
792 2885 830 2934 ut
855 2887 965 2958 posset
986 2894 1045 2959 per
1071 2895 1212 2937 summas
1242 2875 1347 2941 undas

280 2978 364 3060 lebi5
400 2976 489 3041 unde
517 2977 551 3039 in
585 2976 793 3062 proverbium
822 2975 901 3040 abiit
934 2976 1050 3066 Iphicli
1076 2979 1217 3044 celeritas
1227 3006 1241 3060 ,·
1272 2981 1346 3048 vide

280 3083 446 3148 Scholiast.
465 3081 615 3168 Apollon.
632 3081 654 3144 l.
671 3081 692 3145 l.
707 3097 739 3144 ct
753 3082 862 3145 Tueta.
877 3081 960 3146 Chil.
972 3085 1005 3162 I,
1021 3086 1079 3164 ia,
1094 3099 1128 3148 et
1142 3087 1288 3150 Eustath.
1303 3087 1345 3152 ad

282 3189 417 3252 Homer.
438 3183 529 3249 Iliad.
546 3185 647 3265 XIX,
674 3207 750 3270 227,
776 3201 808 3248 et
831 3187 972 3275 Etymol.
998 3189 1105 3278 magni
1126 3207 1289 3254 auctorem
1309 3193 1345 3255 in

279 3294 393 3374 Inane,
412 3313 484 3378 que
503 3290 607 3378 poetis
625 3289 812 3380 hyperbole
829 3291 1042 3358 usitatissime
1061 3292 1101 3357 de
1119 3317 1351 3386 quocumque,

269 3401 345 3462 'sire
363 3396 513 3476 horulae,
531 3395 596 3458 sive
613 3395 742 3460 animali
761 3397 901 3483 pernioi,
925 3413 962 3460 ut
980 3399 1089 3464 multis
1102 3401 1343 3468 Escohcnbaoh.

279 3503 320 3568 ad
336 3501 442 3589 Orph.
457 3521 504 3566 vs.
525 3497 603 3587 137,
629 3515 661 3564 et
678 3501 729 3566 alii
746 3499 970 3567 ostenderunt.
988 3503 1063 3584 Qua
1085 3519 1193 3572 tamen
1210 3507 1287 3571 dote
1308 3509 1342 3572 in

278 3613 339 3676 hec
357 3605 560 3698 expeditione
576 3609 704 3672 nautica
723 3631 789 3673 non
807 3608 1029 3676 commendari
1044 3613 1189 3699 potuisse
1205 3613 1344 3696 videtur,

278 3717 353 3804 quia
366 3713 432 3793 jam
448 3713 558 3778 senior
571 3730 656 3794 erat,
675 3729 707 3778 et
719 3715 874 3780 immunis
889 3719 1037 3781 omnium
1053 3741 1210 3806 operum,
1231 3722 1288 3787 sed
1305 3741 1344 3787 ut

277 3821 431 3898 monitor,
446 3817 503 3906 qui
513 3817 648 3898 juvenes
661 3819 702 3886 ed
719 3822 873 3886 virtutem
889 3823 1084 3906 stimularet,
1099 3824 1257 3910 adscitus,
1269 3827 1343 3892 vide

168 3959 174 3968 ⁴
276 3927 345 3992 vat.
364 3925 411 3991 II.
428 3925 462 4006 I,
485 3926 560 4012 674.
585 3925 694 4006 Quare
709 3927 818 3992 mirari
831 3927 962 4016 aliquis,
980 3931 1034 3993 cui
1050 3948 1219 4019 poetarm
1236 3933 1270 3996 in
1289 3933 1341 3997 hi-

276 4033 374 4103 storin
388 4029 528 4118 mythice
546 4045 729 4119 temporum
748 4033 958 4098 confusiones
974 4035 1093 4122 ignote
1111 4053 1203 4118 sunt,
1216 4056 1341 4125 posset,
