3006 4676
229 383 292 462 284
666 383 860 450 ORPllEl

271 515 472 606 Magnanimi
488 515 690 607 urgebant),
704 514 825 606 Tegees
845 515 959 580 tellure
976 513 1096 579 relicta.

270 631 369 696 Venit
385 645 419 695 et
430 630 572 720 Erginus
587 629 743 712 Branchi,
761 629 937 694 cultissima
952 628 1103 717 linqtrens

269 747 312 812 Et
322 747 459 836 patriam
472 746 564 811 celsis
577 767 653 810 cum
670 745 831 811 moenibus
845 767 920 812 arva
934 743 1053 826 Mileti,

270 860 427 928 Meandn
445 861 480 925 in
496 883 565 926 sese
581 883 653 949 quae
665 861 815 927 verberat
832 859 921 925 unda
936 879 1118 925 recurrens.

270 975 397 1042 Deinde
407 975 649 1065 Periclymenus
665 974 796 1041 Nelides
811 973 906 1040 alluit
924 981 991 1038 una

270 1092 424 1157 Pellenen
439 1092 532 1173 juxta
546 1091 698 1180 linquens
720 1089 950 1178 madidamque
964 1089 1128 1178 bipenon,

270 1208 352 1296 Asty
370 1229 468 1272 suum
482 1205 589 1287 dives,
605 1207 791 1295 positasque
809 1205 843 1268 in
865 1220 978 1269 monte
995 1205 1148 1270 Celonas.

267 1323 320 1386 Tu
336 1320 503 1410 Calydone
519 1321 629 1404 venis,
647 1320 740 1385 fortis
753 1319 932 1410 Meleagro,
947 1319 1074 1401 relicta,

269 1435 379 1520 Quem
397 1437 472 1500 tulit
486 1436 520 1500 in
537 1436 637 1502 roseis
654 1434 779 1500 Altheae
792 1433 992 1524 amplexibus
1005 1433 1155 1499 OEnens.

269 1551 413 1642 Iphiclus
431 1551 493 1616 alta
510 1573 621 1616 secans
634 1550 797 1616 Atracesia
815 1545 927 1640 stagna
941 1548 1089 1638 reliquit,

269 1667 394 1731 Altheae
408 1666 465 1754 qni
479 1665 579 1730 frater
591 1680 675 1748 erat,
690 1687 822 1754 praeque
837 1663 992 1729 omnibus
1007 1664 1067 1728 uni

269 1783 435 1865 Intentus,
451 1780 630 1870 Meleagre,
646 1779 707 1845 tibi
724 1778 886 1844 laudanda
904 1778 1068 1844 monebat.

267 1895 398 1962 Transit
410 1911 443 1960 ct
455 1895 606 1960 Asterion
623 1893 752 1982 genitus
769 1891 811 1958 de
826 1909 917 1981 patre
934 1893 1088 1974 Comete,

267 2009 410 2075 Piresien
428 2007 597 2097 linquens,
611 2005 670 2070 ubi
687 2008 809 2072 mixtus
823 2005 992 2095 Apidanus
1009 2005 1106 2071 undis

268 2125 367 2191 Penei
382 2122 501 2189 ductus
515 2143 707 2187 communes
724 2121 823 2186 mittit
839 2123 872 2185 in
889 2144 1012 2210 sequor.

268 2241 378 2329 Liquit
393 2255 426 2304 et
441 2236 643 2327 Eurydamas
657 2259 835 2326 properans
849 2235 1018 2302 Boebeidos
1037 2237 1141 2326 algam

269 2356 379 2420 Peneo
395 2355 515 2441 illapsu
532 2347 690 2416 Meliboeee
707 2353 826 2416 moenia
838 2352 941 2432 juxta.

310 2469 355 2532 At
371 2481 545 2555 postquam
559 2463 699 2529 Elatides
713 2463 934 2554 Polyphemus
952 2464 1080 2554 prosilit
1097 2467 1213 2556 ingens

268 2579 417 2662 Viribus,
432 2578 615 2668 heroasque
630 2578 717 2644 inter
732 2601 794 2644 ceu
813 2576 941 2644 llamma
958 2578 1143 2670 refulgens,

267 2696 378 2761 Eneus
394 2695 484 2761 venit
498 2695 621 2776 Caenei,
636 2678 734 2783 quein
752 2695 851 2775 lama,
870 2694 1012 2781 rapacis,

269 2810 447 2898 Urgentem
462 2807 612 2898 Lapithas
629 2809 822 2873 Centaurica
835 2808 897 2872 tela
911 2807 1041 2890 tulisse,

268 2922 473 2989 Transfixum
490 2923 638 2989 trabibus
654 2923 798 3013 abiegnis
817 2945 953 3011 corpora
970 2923 1094 3013 longis,

269 3034 469 3101 sustinuisse
485 3052 593 3102 umen
610 3059 717 3127 genua
731 3036 898 3101 incurvata
914 3035 1096 3119 furentem,

266 3150 310 3214 Et
323 3151 432 3214 vivum
447 3172 572 3234 manes,
589 3149 804 3238 tenebrasque
817 3151 1014 3216 Acherontis
1029 3150 1144 3217 adisse.

267 3264 366 3329 Venit
380 3279 414 3329 et
428 3265 498 3353 ipse
513 3264 627 3329 Pheris
639 3264 818 3346 Admetus,
837 3265 989 3353 Apolline
1006 3264 1174 3354 quondam
1259 3299 1266 3324 ι

268 3379 462 3445 Perfunctus
480 3401 591 3457 servo,
615 3381 732 3469 patrias
752 3379 832 3444 dum
850 3379 982 3470 diffugit
998 3380 1073 3445 iras.

266 3496 416 3584 Namque
433 3495 487 3560 ille
504 3493 670 3560 indomitis
687 3497 842 3586 Cyclopas
860 3513 965 3561 morte
981 3497 1104 3586 sagittis

266 3609 332 3676 Pro
348 3626 425 3676 nato
438 3611 609 3698 impatiens
623 3609 773 3676 affecerat
788 3625 863 3675 ante
878 3613 1068 3699 perempto,

266 3724 488 3812 Actorionque
503 3723 543 3788 Ili
558 3725 615 3813 qui
631 3722 716 3790 lilius
727 3725 933 3806 Actorionis‚

269 3839 421 3904 &rosam
436 3837 588 3927 linquem
599 3840 767 3929 Opoenta3
783 3839 916 3905 accessit
930 3855 963 3904 et
978 3837 1069 3920 ldas3
1124 3865 1127 3876 ·
1260 3860 1297 3898 ιι.

270 3954 402 4042 Quique
412 3955 527 4044 procul
540 3935 637 4044 longe
650 3971 739 4021 trans
752 3954 888 4036 aethera,
905 3969 994 4018 trans
1009 3976 1115 4037 mare,
1129 3953 1297 4042 Lynceus,

265 4068 308 4133 Et
321 4069 433 4134 subter
444 4069 595 4154 Plutum,
610 4085 769 4158 terraeque
784 4069 935 4134 barathra
949 4067 1123 4158 profundas
