<?xml version="1.0" encoding="UTF-8"?>
<!DOCTYPE html PUBLIC "-//W3C//DTD XHTML 1.0 Transitional//EN"
    "http://www.w3.org/TR/xhtml1/DTD/xhtml1-transitional.dtd">
<html xmlns="http://www.w3.org/1999/xhtml" xml:lang="en" lang="en">
 <head>
  <title>
</title>
<meta http-equiv="Content-Type" content="text/html;charset=utf-8" />
  <meta name='ocr-system' content='tesseract 3.04.00' />
  <meta name='ocr-capabilities' content='ocr_page ocr_carea ocr_par ocr_line ocrx_word'/>
</head>
<body>
  <div class='ocr_page' id='page_1' title='image "./cvaleriiflaccis02apolgoog_0158.png"; bbox 0 0 3022 4678; ppageno 0'>
   <div class='ocr_carea' id='block_1_1' title="bbox 260 357 1228 430">
    <p class='ocr_par' dir='ltr' id='par_1_1' title="bbox 260 357 1228 430">
     <span class='ocr_line' id='line_1_1' title="bbox 260 357 1228 430; baseline 0.006 -8"><span class='ocrx_word' id='word_1_1' title='bbox 260 359 319 426; x_wconf 75' lang='lat' dir='ltr'>riu</span> <span class='ocrx_word' id='word_1_2' title='bbox 365 357 416 422; x_wconf 82' lang='lat' dir='ltr'>IN</span> <span class='ocrx_word' id='word_1_3' title='bbox 444 357 530 422; x_wconf 87' lang='lat' dir='ltr'>LlB.</span> <span class='ocrx_word' id='word_1_4' title='bbox 554 357 811 424; x_wconf 80' lang='lat' dir='ltr'>SEPTIMUM</span> <span class='ocrx_word' id='word_1_5' title='bbox 839 359 1228 430; x_wconf 75' lang='lat' dir='ltr'><strong>ARGONAUTICON</strong></span> 
     </span>
    </p>
   </div>
   <div class='ocr_carea' id='block_1_2' title="bbox 254 470 1321 878">
    <p class='ocr_par' dir='ltr' id='par_1_2' title="bbox 254 470 1321 878">
     <span class='ocr_line' id='line_1_2' title="bbox 254 470 1318 550; baseline 0.008 -27"><span class='ocrx_word' id='word_1_6' title='bbox 254 472 328 538; x_wconf 88' lang='lat' dir='ltr'>Quos</span> <span class='ocrx_word' id='word_1_7' title='bbox 339 470 476 544; x_wconf 78' lang='lat' dir='ltr'>lidulphus</span> <span class='ocrx_word' id='word_1_8' title='bbox 488 477 588 524; x_wconf 79' lang='lat' dir='ltr'>Dureau</span> <span class='ocrx_word' id='word_1_9' title='bbox 601 476 633 525; x_wconf 77' lang='lat' dir='ltr'>ds</span> <span class='ocrx_word' id='word_1_10' title='bbox 646 477 758 525; x_wconf 66' lang='lat' dir='ltr'>unda</span> <span class='ocrx_word' id='word_1_11' title='bbox 767 471 930 545; x_wconf 72' lang='lat' dir='ltr'><strong>adjudicavit</strong></span> <span class='ocrx_word' id='word_1_12' title='bbox 938 473 1060 543; x_wconf 86' lang='lat' dir='ltr'>Valerio,</span> <span class='ocrx_word' id='word_1_13' title='bbox 1073 477 1154 550; x_wconf 85' lang='lat' dir='ltr'>inque</span> <span class='ocrx_word' id='word_1_14' title='bbox 1165 489 1267 532; x_wconf 84' lang='lat' dir='ltr'>textum</span> <span class='ocrx_word' id='word_1_15' title='bbox 1279 497 1318 532; x_wconf 84' lang='lat' dir='ltr'>ra-</span> 
     </span>
     <span class='ocr_line' id='line_1_3' title="bbox 256 549 1320 630; baseline 0.008 -23"><span class='ocrx_word' id='word_1_16' title='bbox 256 549 341 628; x_wconf 85' lang='lat' dir='ltr'>cepit,</span> <span class='ocrx_word' id='word_1_17' title='bbox 355 569 455 610; x_wconf 80' lang='lat' dir='ltr'>mutato</span> <span class='ocrx_word' id='word_1_18' title='bbox 467 557 502 610; x_wconf 81' lang='lat' dir='ltr'>ub</span> <span class='ocrx_word' id='word_1_19' title='bbox 513 557 578 610; x_wconf 84' lang='lat' dir='ltr'>hinc</span> <span class='ocrx_word' id='word_1_20' title='bbox 589 557 692 611; x_wconf 85' lang='lat' dir='ltr'>solenni</span> <span class='ocrx_word' id='word_1_21' title='bbox 702 557 828 616; x_wconf 73' lang='lat' dir='ltr'>cistarum</span> <span class='ocrx_word' id='word_1_22' title='bbox 840 559 959 612; x_wconf 85' lang='lat' dir='ltr'>versibus</span> <span class='ocrx_word' id='word_1_23' title='bbox 972 559 1137 630; x_wconf 73' lang='lat' dir='ltr'>prefixsruru</span> <span class='ocrx_word' id='word_1_24' title='bbox 1149 561 1257 626; x_wconf 83' lang='lat' dir='ltr'>ordine,</span> <span class='ocrx_word' id='word_1_25' title='bbox 1271 581 1320 616; x_wconf 86' lang='lat' dir='ltr'>uec</span> 
     </span>
     <span class='ocr_line' id='line_1_4' title="bbox 255 639 1320 712; baseline 0.005 -19"><span class='ocrx_word' id='word_1_26' title='bbox 255 640 338 693; x_wconf 87' lang='lat' dir='ltr'>semel</span> <span class='ocrx_word' id='word_1_27' title='bbox 350 639 403 692; x_wconf 89' lang='lat' dir='ltr'>hoo</span> <span class='ocrx_word' id='word_1_28' title='bbox 415 658 471 693; x_wconf 91' lang='lat' dir='ltr'>uno</span> <span class='ocrx_word' id='word_1_29' title='bbox 486 640 570 704; x_wconf 84' lang='lat' dir='ltr'>libro;</span> <span class='ocrx_word' id='word_1_30' title='bbox 588 640 655 694; x_wconf 89' lang='lat' dir='ltr'>duos</span> <span class='ocrx_word' id='word_1_31' title='bbox 668 640 738 695; x_wconf 86' lang='lat' dir='ltr'>euim</span> <span class='ocrx_word' id='word_1_32' title='bbox 751 651 873 712; x_wconf 57' lang='lat' dir='ltr'>puderet</span> <span class='ocrx_word' id='word_1_33' title='bbox 888 659 977 706; x_wconf 71' lang='lat' dir='ltr'>persus</span> <span class='ocrx_word' id='word_1_34' title='bbox 990 642 1058 696; x_wconf 84' lang='lat' dir='ltr'>inter</span> <span class='ocrx_word' id='word_1_35' title='bbox 1073 643 1124 710; x_wconf 71' lang='grc'>344</span> <span class='ocrx_word' id='word_1_36' title='bbox 1136 656 1162 698; x_wconf 93' lang='lat' dir='ltr'>et</span> <span class='ocrx_word' id='word_1_37' title='bbox 1176 646 1227 710; x_wconf 72' lang='lat'>34⁵</span> <span class='ocrx_word' id='word_1_38' title='bbox 1237 645 1320 698; x_wconf 87' lang='lat' dir='ltr'>inter-</span> 
     </span>
     <span class='ocr_line' id='line_1_5' title="bbox 256 722 1321 796; baseline 0.009 -21"><span class='ocrx_word' id='word_1_39' title='bbox 256 723 372 796; x_wconf 83' lang='lat' dir='ltr'>polavit:</span> <span class='ocrx_word' id='word_1_40' title='bbox 387 742 441 794; x_wconf 92' lang='lat' dir='ltr'>quo</span> <span class='ocrx_word' id='word_1_41' title='bbox 454 723 496 788; x_wconf 84' lang='lat' dir='ltr'>lit,</span> <span class='ocrx_word' id='word_1_42' title='bbox 507 735 536 777; x_wconf 92' lang='lat' dir='ltr'>ut</span> <span class='ocrx_word' id='word_1_43' title='bbox 548 724 618 778; x_wconf 87' lang='lat' dir='ltr'>illius</span> <span class='ocrx_word' id='word_1_44' title='bbox 628 722 751 778; x_wconf 75' lang='lat' dir='ltr'>editionis</span> <span class='ocrx_word' id='word_1_45' title='bbox 763 742 936 796; x_wconf 78' lang='lat' dir='ltr'>possessores,</span> <span class='ocrx_word' id='word_1_46' title='bbox 947 726 999 780; x_wconf 81' lang='lat' dir='ltr'>alis</span> <span class='ocrx_word' id='word_1_47' title='bbox 1008 727 1086 782; x_wconf 76' lang='lat' dir='ltr'>simut</span> <span class='ocrx_word' id='word_1_48' title='bbox 1095 727 1217 784; x_wconf 81' lang='lat' dir='ltr'>hsbeuds</span> <span class='ocrx_word' id='word_1_49' title='bbox 1229 747 1321 784; x_wconf 67' lang='lat' dir='ltr'>cerm</span> 
     </span>
     <span class='ocr_line' id='line_1_6' title="bbox 256 818 433 878; baseline 0.006 -22"><span class='ocrx_word' id='word_1_50' title='bbox 256 823 310 858; x_wconf 90' lang='lat' dir='ltr'>nou</span> <span class='ocrx_word' id='word_1_51' title='bbox 322 818 433 878; x_wconf 82' lang='lat' dir='ltr'>possint.</span> 
     </span>
    </p>
   </div>
   <div class='ocr_carea' id='block_1_3' title="bbox 292 955 1136 1344">
    <p class='ocr_par' dir='ltr' id='par_1_3' title="bbox 292 955 1136 1344">
     <span class='ocr_line' id='line_1_7' title="bbox 292 955 1045 1028; baseline 0.005 -22"><span class='ocrx_word' id='word_1_52' title='bbox 292 955 326 1006; x_wconf 94' lang='lat' dir='ltr'>V.</span> <span class='ocrx_word' id='word_1_53' title='bbox 342 961 401 1017; x_wconf 67' lang='lat' dir='ltr'>sul.</span> <span class='ocrx_word' id='word_1_54' title='bbox 414 960 472 1007; x_wconf 83' lang='lat' dir='ltr'>Solu</span> <span class='ocrx_word' id='word_1_55' title='bbox 483 971 532 1008; x_wconf 76' lang='lat' dir='ltr'>tuae</span> <span class='ocrx_word' id='word_1_56' title='bbox 544 960 618 1008; x_wconf 77' lang='lat' dir='ltr'>vsaio</span> <span class='ocrx_word' id='word_1_57' title='bbox 629 963 647 1021; x_wconf 89' lang='lat'><em>(</em></span> <span class='ocrx_word' id='word_1_58' title='bbox 644 960 792 1024; x_wconf 74' lang='lat' dir='ltr'>jampridem</span> <span class='ocrx_word' id='word_1_59' title='bbox 800 977 889 1028; x_wconf 59' lang='lat' dir='ltr'>quasa</span> <span class='ocrx_word' id='word_1_60' title='bbox 892 963 911 1022; x_wconf 80' lang='lat' dir='ltr'><em>J</em></span> <span class='ocrx_word' id='word_1_61' title='bbox 918 962 1045 1027; x_wconf 71' lang='lat' dir='ltr'>juventu:</span> 
     </span>
     <span class='ocr_line' id='line_1_8' title="bbox 417 1042 1040 1110; baseline 0.005 -20"><span class='ocrx_word' id='word_1_62' title='bbox 417 1042 513 1091; x_wconf 78' lang='lat' dir='ltr'>Coetera</span> <span class='ocrx_word' id='word_1_63' title='bbox 519 1057 596 1107; x_wconf 80' lang='lat' dir='ltr'>parce</span> <span class='ocrx_word' id='word_1_64' title='bbox 605 1042 685 1108; x_wconf 82' lang='lat' dir='ltr'>quari,</span> <span class='ocrx_word' id='word_1_65' title='bbox 694 1059 740 1090; x_wconf 80' lang='lat' dir='ltr'>usu</span> <span class='ocrx_word' id='word_1_66' title='bbox 752 1061 790 1092; x_wconf 79' lang='lat' dir='ltr'>ms</span> <span class='ocrx_word' id='word_1_67' title='bbox 799 1045 902 1093; x_wconf 78' lang='lat' dir='ltr'>meliora</span> <span class='ocrx_word' id='word_1_68' title='bbox 910 1056 1040 1110; x_wconf 77' lang='lat' dir='ltr'>sequutum</span> 
     </span>
     <span class='ocr_line' id='line_1_9' title="bbox 416 1126 1083 1192; baseline 0.006 -19"><span class='ocrx_word' id='word_1_69' title='bbox 416 1129 498 1192; x_wconf 70' lang='lat' dir='ltr'>Argus</span> <span class='ocrx_word' id='word_1_70' title='bbox 504 1145 515 1183; x_wconf 85' lang='lat'>‚-</span> <span class='ocrx_word' id='word_1_71' title='bbox 528 1127 616 1192; x_wconf 78' lang='lat' dir='ltr'>quippe</span> <span class='ocrx_word' id='word_1_72' title='bbox 626 1127 714 1192; x_wconf 73' lang='lat' dir='ltr'>sejam</span> <span class='ocrx_word' id='word_1_73' title='bbox 725 1138 865 1192; x_wconf 75' lang='lat' dir='ltr'>reputem</span> <span class='ocrx_word' id='word_1_74' title='bbox 875 1143 978 1176; x_wconf 67' lang='lat' dir='ltr'>mua</span> <span class='ocrx_word' id='word_1_75' title='bbox 990 1126 1083 1186; x_wconf 77' lang='lat' dir='ltr'>disum,</span> 
     </span>
     <span class='ocr_line' id='line_1_10' title="bbox 418 1209 1136 1276; baseline 0.004 -19"><span class='ocrx_word' id='word_1_76' title='bbox 418 1210 532 1259; x_wconf 76' lang='lat' dir='ltr'>Omnibus</span> <span class='ocrx_word' id='word_1_77' title='bbox 543 1209 607 1259; x_wconf 74' lang='lat' dir='ltr'>bunc</span> <span class='ocrx_word' id='word_1_78' title='bbox 613 1211 697 1276; x_wconf 83' lang='lat' dir='ltr'>potius</span> <span class='ocrx_word' id='word_1_79' title='bbox 706 1226 856 1260; x_wconf 78' lang='lat' dir='ltr'>communem</span> <span class='ocrx_word' id='word_1_80' title='bbox 865 1211 1029 1262; x_wconf 67' lang='lat' dir='ltr'>minantibus</span> <span class='ocrx_word' id='word_1_81' title='bbox 1038 1213 1136 1271; x_wconf 78' lang='lat' dir='ltr'>orben,</span> 
     </span>
     <span class='ocr_line' id='line_1_11' title="bbox 418 1295 743 1344; baseline 0 0"><span class='ocrx_word' id='word_1_82' title='bbox 418 1295 558 1344; x_wconf 68' lang='lat' dir='ltr'>comm</span> <span class='ocrx_word' id='word_1_83' title='bbox 567 1306 591 1343; x_wconf 84' lang='lat' dir='ltr'>et</span> <span class='ocrx_word' id='word_1_84' title='bbox 599 1295 670 1344; x_wconf 83' lang='lat' dir='ltr'>crede</span> <span class='ocrx_word' id='word_1_85' title='bbox 678 1295 743 1344; x_wconf 79' lang='lat' dir='ltr'>deos.</span> 
     </span>
    </p>
   </div>
   <div class='ocr_carea' id='block_1_4' title="bbox 260 1412 1319 1488">
    <p class='ocr_par' dir='ltr' id='par_1_4' title="bbox 260 1412 1319 1488">
     <span class='ocr_line' id='line_1_12' title="bbox 260 1412 1319 1488; baseline -0.002 -20"><span class='ocrx_word' id='word_1_86' title='bbox 260 1415 346 1468; x_wconf 71' lang='lat' dir='ltr'>-Hsc</span> <span class='ocrx_word' id='word_1_87' title='bbox 358 1415 519 1488; x_wconf 83' lang='lat' dir='ltr'>parenthesis</span> <span class='ocrx_word' id='word_1_88' title='bbox 533 1416 697 1484; x_wconf 79' lang='lat' dir='ltr'>(jampridem</span> <span class='ocrx_word' id='word_1_89' title='bbox 711 1418 801 1484; x_wconf 63' lang='lat' dir='ltr'>ipsave</span> <span class='ocrx_word' id='word_1_90' title='bbox 810 1415 831 1482; x_wconf 89' lang='lat'>),</span> <span class='ocrx_word' id='word_1_91' title='bbox 848 1412 937 1485; x_wconf 88' lang='lat' dir='ltr'>inquit</span> <span class='ocrx_word' id='word_1_92' title='bbox 948 1415 1116 1486; x_wconf 71' lang='lat' dir='ltr'>Wagner-us,</span> <span class='ocrx_word' id='word_1_93' title='bbox 1129 1413 1319 1468; x_wconf 77' lang='lat' dir='ltr'>consessionem</span> 
     </span>
    </p>
   </div>
   <div class='ocr_carea' id='block_1_5' title="bbox 257 1493 1351 1564">
    <p class='ocr_par' dir='ltr' id='par_1_5' title="bbox 257 1493 1351 1564">
     <span class='ocr_line' id='line_1_13' title="bbox 257 1493 1351 1564; baseline 0.001 -15"><span class='ocrx_word' id='word_1_94' title='bbox 257 1496 323 1550; x_wconf 86' lang='lat' dir='ltr'>inihi</span> <span class='ocrx_word' id='word_1_95' title='bbox 334 1498 469 1553; x_wconf 85' lang='lat' dir='ltr'>continere</span> <span class='ocrx_word' id='word_1_96' title='bbox 479 1497 582 1552; x_wconf 81' lang='lat' dir='ltr'>videtur</span> <span class='ocrx_word' id='word_1_97' title='bbox 591 1495 723 1552; x_wconf 74' lang='lat' dir='ltr'>diuturne</span> <span class='ocrx_word' id='word_1_98' title='bbox 733 1495 876 1550; x_wconf 72' lang='lat' dir='ltr'>absentis:</span> <span class='ocrx_word' id='word_1_99' title='bbox 891 1496 987 1564; x_wconf 76' lang='lat' dir='ltr'>fateor,</span> <span class='ocrx_word' id='word_1_100' title='bbox 996 1515 1038 1550; x_wconf 83' lang='lat' dir='ltr'>inc</span> <span class='ocrx_word' id='word_1_101' title='bbox 1048 1497 1126 1550; x_wconf 85' lang='lat' dir='ltr'>nimis</span> <span class='ocrx_word' id='word_1_102' title='bbox 1135 1495 1181 1550; x_wconf 91' lang='lat' dir='ltr'>diu</span> <span class='ocrx_word' id='word_1_103' title='bbox 1192 1496 1321 1562; x_wconf 71' lang='lat' dir='ltr'>abstruse,</span> <span class='ocrx_word' id='word_1_104' title='bbox 1345 1493 1351 1504; x_wconf 86' lang='lat'>&#39;</span> 
     </span>
    </p>
   </div>
   <div class='ocr_carea' id='block_1_6' title="bbox 254 1579 1324 2571">
    <p class='ocr_par' dir='ltr' id='par_1_6' title="bbox 254 1579 1324 2571">
     <span class='ocr_line' id='line_1_14' title="bbox 257 1579 1321 1654; baseline -0.001 -19"><span class='ocrx_word' id='word_1_105' title='bbox 257 1581 303 1635; x_wconf 87' lang='lat' dir='ltr'>sed</span> <span class='ocrx_word' id='word_1_106' title='bbox 322 1582 441 1654; x_wconf 74' lang='lat' dir='ltr'>ignosce,</span> <span class='ocrx_word' id='word_1_107' title='bbox 459 1600 564 1654; x_wconf 77' lang='lat' dir='ltr'>quasso,</span> <span class='ocrx_word' id='word_1_108' title='bbox 585 1599 658 1636; x_wconf 91' lang='lat' dir='ltr'>nuuc</span> <span class='ocrx_word' id='word_1_109' title='bbox 678 1581 727 1634; x_wconf 84' lang='lat' dir='ltr'>tihi</span> <span class='ocrx_word' id='word_1_110' title='bbox 748 1600 781 1634; x_wconf 89' lang='lat' dir='ltr'>eo</span> <span class='ocrx_word' id='word_1_111' title='bbox 802 1579 945 1635; x_wconf 71' lang='lat' dir='ltr'>studiosius</span> <span class='ocrx_word' id='word_1_112' title='bbox 967 1599 1074 1652; x_wconf 89' lang='lat' dir='ltr'>operam</span> <span class='ocrx_word' id='word_1_113' title='bbox 1095 1581 1203 1635; x_wconf 74' lang='lat' dir='ltr'>daturis.</span> <span class='ocrx_word' id='word_1_114' title='bbox 1222 1582 1254 1633; x_wconf 90' lang='lat' dir='ltr'>In</span> <span class='ocrx_word' id='word_1_115' title='bbox 1270 1580 1321 1634; x_wconf 84' lang='lat' dir='ltr'>hic</span> 
     </span>
     <span class='ocr_line' id='line_1_15' title="bbox 255 1662 1321 1738; baseline -0.001 -20"><span class='ocrx_word' id='word_1_116' title='bbox 255 1663 430 1737; x_wconf 73' lang='lat' dir='ltr'>explicatione</span> <span class='ocrx_word' id='word_1_117' title='bbox 444 1663 570 1718; x_wconf 90' lang='lat' dir='ltr'>dissentio</span> <span class='ocrx_word' id='word_1_118' title='bbox 581 1664 615 1717; x_wconf 78' lang='lat' dir='ltr'>ab</span> <span class='ocrx_word' id='word_1_119' title='bbox 628 1663 813 1736; x_wconf 71' lang='lat' dir='ltr'>interpretibus</span> <span class='ocrx_word' id='word_1_120' title='bbox 825 1665 964 1718; x_wconf 88' lang='lat' dir='ltr'>omuibus:</span> <span class='ocrx_word' id='word_1_121' title='bbox 980 1667 1025 1716; x_wconf 82' lang='lat' dir='ltr'>Pio</span> <span class='ocrx_word' id='word_1_122' title='bbox 1032 1703 1040 1727; x_wconf 85' lang='lat'>‚</span> <span class='ocrx_word' id='word_1_123' title='bbox 1055 1665 1102 1738; x_wconf 83' lang='lat' dir='ltr'>qui</span> <span class='ocrx_word' id='word_1_124' title='bbox 1112 1668 1231 1733; x_wconf 66' lang='lat' dir='ltr'>sumta,</span> <span class='ocrx_word' id='word_1_125' title='bbox 1247 1662 1321 1736; x_wconf 84' lang='lat' dir='ltr'>quod</span> 
     </span>
     <span class='ocr_line' id='line_1_16' title="bbox 256 1745 1320 1821; baseline 0.001 -21"><span class='ocrx_word' id='word_1_126' title='bbox 256 1747 323 1800; x_wconf 89' lang='lat' dir='ltr'>mihi</span> <span class='ocrx_word' id='word_1_127' title='bbox 347 1745 451 1801; x_wconf 71' lang='lat' dir='ltr'>dativus</span> <span class='ocrx_word' id='word_1_128' title='bbox 472 1760 526 1812; x_wconf 86' lang='lat' dir='ltr'>est,</span> <span class='ocrx_word' id='word_1_129' title='bbox 549 1767 600 1821; x_wconf 85' lang='lat' dir='ltr'>pro</span> <span class='ocrx_word' id='word_1_130' title='bbox 616 1747 731 1820; x_wconf 79' lang='lat' dir='ltr'>genitivo</span> <span class='ocrx_word' id='word_1_131' title='bbox 757 1747 825 1800; x_wconf 90' lang='lat' dir='ltr'>sumi</span> <span class='ocrx_word' id='word_1_132' title='bbox 847 1747 951 1812; x_wconf 81' lang='lat' dir='ltr'>meluit,</span> <span class='ocrx_word' id='word_1_133' title='bbox 974 1748 1106 1802; x_wconf 87' lang='lat' dir='ltr'>subintell.</span> <span class='ocrx_word' id='word_1_134' title='bbox 1129 1768 1223 1812; x_wconf 78' lang='lat' dir='ltr'>curua,</span> <span class='ocrx_word' id='word_1_135' title='bbox 1248 1747 1320 1821; x_wconf 86' lang='lat' dir='ltr'>quod</span> 
     </span>
     <span class='ocr_line' id='line_1_17' title="bbox 256 1831 1321 1905; baseline -0.002 -20"><span class='ocrx_word' id='word_1_136' title='bbox 256 1831 354 1885; x_wconf 85' lang='lat' dir='ltr'>durum</span> <span class='ocrx_word' id='word_1_137' title='bbox 366 1851 374 1896; x_wconf 88' lang='lat'>;</span> <span class='ocrx_word' id='word_1_138' title='bbox 385 1835 500 1897; x_wconf 77' lang='lat' dir='ltr'>Haimio,</span> <span class='ocrx_word' id='word_1_139' title='bbox 510 1833 557 1904; x_wconf 89' lang='lat' dir='ltr'>qni</span> <span class='ocrx_word' id='word_1_140' title='bbox 569 1832 653 1885; x_wconf 80' lang='lat' dir='ltr'>voluit</span> <span class='ocrx_word' id='word_1_141' title='bbox 663 1835 765 1901; x_wconf 47' lang='lat' dir='ltr'>tynum,</span> <span class='ocrx_word' id='word_1_142' title='bbox 779 1831 852 1904; x_wconf 84' lang='lat' dir='ltr'>quod</span> <span class='ocrx_word' id='word_1_143' title='bbox 864 1831 910 1886; x_wconf 80' lang='lat' dir='ltr'>vix</span> <span class='ocrx_word' id='word_1_144' title='bbox 924 1849 1030 1886; x_wconf 86' lang='lat' dir='ltr'>sensum</span> <span class='ocrx_word' id='word_1_145' title='bbox 1047 1833 1164 1905; x_wconf 61' lang='grc' dir='ltr'>μηδεὶς</span> <span class='ocrx_word' id='word_1_146' title='bbox 1179 1839 1321 1884; x_wconf 68' lang='lat' dir='ltr'>Burmannus</span> 
     </span>
     <span class='ocr_line' id='line_1_18' title="bbox 255 1914 1321 1987; baseline 0 -19"><span class='ocrx_word' id='word_1_147' title='bbox 255 1914 391 1987; x_wconf 82' lang='lat' dir='ltr'>denique,</span> <span class='ocrx_word' id='word_1_148' title='bbox 405 1915 448 1968; x_wconf 87' lang='lat' dir='ltr'>cui</span> <span class='ocrx_word' id='word_1_149' title='bbox 461 1916 560 1986; x_wconf 79' lang='lat' dir='ltr'>placuit</span> <span class='ocrx_word' id='word_1_150' title='bbox 569 1917 717 1984; x_wconf 74' lang='lat' dir='ltr'>jainpridem</span> <span class='ocrx_word' id='word_1_151' title='bbox 727 1934 822 1984; x_wconf 74' lang='lat' dir='ltr'>gnara,</span> <span class='ocrx_word' id='word_1_152' title='bbox 830 1916 940 1983; x_wconf 85' lang='lat' dir='ltr'>melius,</span> <span class='ocrx_word' id='word_1_153' title='bbox 949 1915 995 1969; x_wconf 85' lang='lat' dir='ltr'>sed</span> <span class='ocrx_word' id='word_1_154' title='bbox 1009 1916 1065 1969; x_wconf 88' lang='lat' dir='ltr'>siue</span> <span class='ocrx_word' id='word_1_155' title='bbox 1075 1934 1162 1969; x_wconf 78' lang='lat' dir='ltr'>causa.</span> <span class='ocrx_word' id='word_1_156' title='bbox 1177 1915 1206 1968; x_wconf 84' lang='lat' dir='ltr'>si</span> <span class='ocrx_word' id='word_1_157' title='bbox 1217 1931 1321 1968; x_wconf 86' lang='lat' dir='ltr'>mecum</span> 
     </span>
     <span class='ocr_line' id='line_1_19' title="bbox 254 1997 1321 2071; baseline -0.003 -18"><span class='ocrx_word' id='word_1_158' title='bbox 254 2017 305 2071; x_wconf 86' lang='lat' dir='ltr'>pro</span> <span class='ocrx_word' id='word_1_159' title='bbox 320 1999 486 2054; x_wconf 80' lang='lat' dir='ltr'>excusatione</span> <span class='ocrx_word' id='word_1_160' title='bbox 506 2017 611 2063; x_wconf 80' lang='lat' dir='ltr'>sumas,</span> <span class='ocrx_word' id='word_1_161' title='bbox 631 1999 731 2071; x_wconf 85' lang='lat' dir='ltr'>optime</span> <span class='ocrx_word' id='word_1_162' title='bbox 749 1997 880 2070; x_wconf 73' lang='lat' dir='ltr'>quadrant</span> <span class='ocrx_word' id='word_1_163' title='bbox 903 2000 1059 2071; x_wconf 82' lang='lat' dir='ltr'>sequentia:</span> <span class='ocrx_word' id='word_1_164' title='bbox 1079 2000 1181 2053; x_wconf 77' lang='lat' dir='ltr'>absenti</span> <span class='ocrx_word' id='word_1_165' title='bbox 1197 1999 1321 2071; x_wconf 73' lang='lat' dir='ltr'>ignosce,</span> 
     </span>
     <span class='ocr_line' id='line_1_20' title="bbox 257 2079 1322 2152; baseline -0.004 -15"><span class='ocrx_word' id='word_1_166' title='bbox 257 2083 304 2137; x_wconf 82' lang='lat' dir='ltr'>sed</span> <span class='ocrx_word' id='word_1_167' title='bbox 314 2099 403 2136; x_wconf 78' lang='lat' dir='ltr'>cratem</span> <span class='ocrx_word' id='word_1_168' title='bbox 411 2103 502 2151; x_wconf 81' lang='lat' dir='ltr'>parce,</span> <span class='ocrx_word' id='word_1_169' title='bbox 518 2083 588 2148; x_wconf 83' lang='lat' dir='ltr'>noli,</span> <span class='ocrx_word' id='word_1_170' title='bbox 604 2086 683 2152; x_wconf 79' lang='lat' dir='ltr'>queri,</span> <span class='ocrx_word' id='word_1_171' title='bbox 698 2103 745 2135; x_wconf 83' lang='lat' dir='ltr'>neu</span> <span class='ocrx_word' id='word_1_172' title='bbox 763 2102 802 2135; x_wconf 86' lang='lat' dir='ltr'>me</span> <span class='ocrx_word' id='word_1_173' title='bbox 820 2085 923 2135; x_wconf 83' lang='lat' dir='ltr'>meliora</span> <span class='ocrx_word' id='word_1_174' title='bbox 937 2098 1065 2152; x_wconf 82' lang='lat' dir='ltr'>sequutum</span> <span class='ocrx_word' id='word_1_175' title='bbox 1082 2079 1173 2152; x_wconf 69' lang='lat' dir='ltr'>argute,</span> <span class='ocrx_word' id='word_1_176' title='bbox 1185 2083 1242 2135; x_wconf 90' lang='lat' dir='ltr'>noli</span> <span class='ocrx_word' id='word_1_177' title='bbox 1257 2080 1322 2134; x_wconf 84' lang='lat' dir='ltr'>mihi</span> 
     </span>
     <span class='ocr_line' id='line_1_21' title="bbox 258 2165 1321 2239; baseline -0.001 -19"><span class='ocrx_word' id='word_1_178' title='bbox 258 2167 322 2220; x_wconf 78' lang='lat' dir='ltr'>vitio</span> <span class='ocrx_word' id='word_1_179' title='bbox 340 2178 441 2221; x_wconf 80' lang='lat' dir='ltr'>vertere</span> <span class='ocrx_word' id='word_1_180' title='bbox 454 2165 527 2239; x_wconf 89' lang='lat' dir='ltr'>quod</span> <span class='ocrx_word' id='word_1_181' title='bbox 539 2167 644 2234; x_wconf 84' lang='lat' dir='ltr'>mitius,</span> <span class='ocrx_word' id='word_1_182' title='bbox 659 2166 813 2220; x_wconf 86' lang='lat' dir='ltr'>clementius</span> <span class='ocrx_word' id='word_1_183' title='bbox 825 2167 918 2220; x_wconf 78' lang='lat' dir='ltr'>calum</span> <span class='ocrx_word' id='word_1_184' title='bbox 931 2167 1098 2238; x_wconf 72' lang='lat' dir='ltr'>quesierim3</span> <span class='ocrx_word' id='word_1_185' title='bbox 1115 2181 1249 2235; x_wconf 79' lang='lat' dir='ltr'>reputemus</span> <span class='ocrx_word' id='word_1_186' title='bbox 1259 2168 1270 2235; x_wconf 96' lang='lat'>(</span> <span class='ocrx_word' id='word_1_187' title='bbox 1279 2183 1321 2219; x_wconf 82' lang='lat' dir='ltr'>re·</span> 
     </span>
     <span class='ocr_line' id='line_1_22' title="bbox 259 2249 1323 2323; baseline -0.002 -21"><span class='ocrx_word' id='word_1_188' title='bbox 259 2253 367 2323; x_wconf 86' lang='lat' dir='ltr'>putes),</span> <span class='ocrx_word' id='word_1_189' title='bbox 381 2249 530 2303; x_wconf 72' lang='lat' dir='ltr'>consideres</span> <span class='ocrx_word' id='word_1_190' title='bbox 541 2268 645 2303; x_wconf 88' lang='lat' dir='ltr'>mecum</span> <span class='ocrx_word' id='word_1_191' title='bbox 662 2249 806 2303; x_wconf 84' lang='lat' dir='ltr'>beneficam</span> <span class='ocrx_word' id='word_1_192' title='bbox 823 2249 933 2303; x_wconf 87' lang='lat' dir='ltr'>deorum</span> <span class='ocrx_word' id='word_1_193' title='bbox 944 2249 1151 2316; x_wconf 87' lang='lat' dir='ltr'>institutionem,</span> <span class='ocrx_word' id='word_1_194' title='bbox 1164 2252 1228 2312; x_wconf 76' lang='lat' dir='ltr'>iuno</span> <span class='ocrx_word' id='word_1_195' title='bbox 1237 2252 1323 2318; x_wconf 79' lang='lat' dir='ltr'>posim</span> 
     </span>
     <span class='ocr_line' id='line_1_23' title="bbox 258 2333 1324 2402; baseline -0.003 -16"><span class='ocrx_word' id='word_1_196' title='bbox 258 2338 341 2386; x_wconf 77' lang='lat' dir='ltr'>orbem</span> <span class='ocrx_word' id='word_1_197' title='bbox 353 2336 462 2385; x_wconf 62' lang='lat' dir='ltr'>omniuo</span> <span class='ocrx_word' id='word_1_198' title='bbox 473 2335 647 2394; x_wconf 79' lang='lat' dir='ltr'>animantibus,</span> <span class='ocrx_word' id='word_1_199' title='bbox 657 2333 820 2398; x_wconf 85' lang='lat' dir='ltr'>hominibus,</span> <span class='ocrx_word' id='word_1_200' title='bbox 833 2352 992 2398; x_wconf 78' lang='lat' dir='ltr'>communem,</span> <span class='ocrx_word' id='word_1_201' title='bbox 1013 2338 1118 2402; x_wconf 78' lang='lat' dir='ltr'>deosque</span> <span class='ocrx_word' id='word_1_202' title='bbox 1134 2336 1206 2384; x_wconf 80' lang='lat' dir='ltr'>crede</span> <span class='ocrx_word' id='word_1_203' title='bbox 1216 2351 1324 2384; x_wconf 80' lang='lat' dir='ltr'>cummu-</span> 
     </span>
     <span class='ocr_line' id='line_1_24' title="bbox 258 2415 1323 2489; baseline 0.001 -22"><span class='ocrx_word' id='word_1_204' title='bbox 258 2433 309 2468; x_wconf 83' lang='lat' dir='ltr'>nes.</span> <span class='ocrx_word' id='word_1_205' title='bbox 321 2441 333 2461; x_wconf 69' lang='lat' dir='ltr'>n</span> <span class='ocrx_word' id='word_1_206' title='bbox 344 2447 379 2456; x_wconf 90' lang='lat'><em>-</em></span> <span class='ocrx_word' id='word_1_207' title='bbox 390 2421 485 2484; x_wconf 70' lang='lat' dir='ltr'>Ignara</span> <span class='ocrx_word' id='word_1_208' title='bbox 498 2415 543 2468; x_wconf 90' lang='lat' dir='ltr'>hic</span> <span class='ocrx_word' id='word_1_209' title='bbox 556 2415 649 2469; x_wconf 84' lang='lat' dir='ltr'>eodem</span> <span class='ocrx_word' id='word_1_210' title='bbox 667 2419 746 2469; x_wconf 87' lang='lat' dir='ltr'>&#39;seusu</span> <span class='ocrx_word' id='word_1_211' title='bbox 760 2428 811 2484; x_wconf 86' lang='lat' dir='ltr'>est,</span> <span class='ocrx_word' id='word_1_212' title='bbox 825 2435 880 2489; x_wconf 82' lang='lat' dir='ltr'>quo</span> <span class='ocrx_word' id='word_1_213' title='bbox 895 2435 992 2489; x_wconf 72' lang='lat' dir='ltr'>supra,</span> <span class='ocrx_word' id='word_1_214' title='bbox 1004 2416 1052 2479; x_wconf 87' lang='lat' dir='ltr'>Vl,</span> <span class='ocrx_word' id='word_1_215' title='bbox 1066 2419 1133 2482; x_wconf 75' lang='lat'><strong>486:</strong></span> <span class='ocrx_word' id='word_1_216' title='bbox 1154 2423 1189 2468; x_wconf 84' lang='lat' dir='ltr'>Tu</span> <span class='ocrx_word' id='word_1_217' title='bbox 1206 2419 1323 2470; x_wconf 77' lang='lat' dir='ltr'>sialamr&#39;s</span> 
     </span>
     <span class='ocr_line' id='line_1_25' title="bbox 259 2496 1322 2571; baseline -0.001 -20"><span class='ocrx_word' id='word_1_218' title='bbox 259 2503 348 2568; x_wconf 51' lang='lat' dir='ltr'><em>&amp;aava</em></span> <span class='ocrx_word' id='word_1_219' title='bbox 366 2501 443 2551; x_wconf 74' lang='lat' dir='ltr'>sedes.</span> <span class='ocrx_word' id='word_1_220' title='bbox 454 2497 597 2553; x_wconf 86' lang='lat' dir='ltr'>-Censso</span> <span class='ocrx_word' id='word_1_221' title='bbox 614 2498 772 2571; x_wconf 76' lang='lat' dir='ltr'>legendum,</span> <span class='ocrx_word' id='word_1_222' title='bbox 786 2518 813 2553; x_wconf 81' lang='lat' dir='ltr'>s.</span> <span class='ocrx_word' id='word_1_223' title='bbox 831 2503 898 2552; x_wconf 76' lang='lat'>226:</span> <span class='ocrx_word' id='word_1_224' title='bbox 919 2503 1007 2569; x_wconf 71' lang='lat' dir='ltr'>quispe</span> <span class='ocrx_word' id='word_1_225' title='bbox 1020 2503 1095 2552; x_wconf 70' lang='lat' dir='ltr'>edam</span> <span class='ocrx_word' id='word_1_226' title='bbox 1111 2496 1322 2568; x_wconf 79' lang='lat' dir='ltr'>repetentur,hoe</span> 
     </span>
    </p>
   </div>
   <div class='ocr_carea' id='block_1_7' title="bbox 260 2581 1322 2740">
    <p class='ocr_par' dir='ltr' id='par_1_7' title="bbox 260 2581 1322 2740">
     <span class='ocr_line' id='line_1_26' title="bbox 260 2581 1322 2657; baseline -0.003 -19"><span class='ocrx_word' id='word_1_227' title='bbox 260 2601 338 2638; x_wconf 87' lang='lat' dir='ltr'>seusu</span> <span class='ocrx_word' id='word_1_228' title='bbox 349 2601 357 2635; x_wconf 76' lang='lat' dir='ltr'><strong><em>z</em></strong></span> <span class='ocrx_word' id='word_1_229' title='bbox 370 2602 448 2651; x_wconf 85' lang='lat' dir='ltr'>num,</span> <span class='ocrx_word' id='word_1_230' title='bbox 462 2583 485 2636; x_wconf 91' lang='lat' dir='ltr'>si</span> <span class='ocrx_word' id='word_1_231' title='bbox 499 2601 542 2636; x_wconf 89' lang='lat' dir='ltr'>me</span> <span class='ocrx_word' id='word_1_232' title='bbox 554 2583 659 2656; x_wconf 75' lang='lat' dir='ltr'>arguis,</span> <span class='ocrx_word' id='word_1_233' title='bbox 674 2602 767 2657; x_wconf 75' lang='lat' dir='ltr'>argues</span> <span class='ocrx_word' id='word_1_234' title='bbox 779 2584 859 2637; x_wconf 81' lang='lat' dir='ltr'>etiam</span> <span class='ocrx_word' id='word_1_235' title='bbox 871 2581 953 2647; x_wconf 82' lang='lat' dir='ltr'>deos,</span> <span class='ocrx_word' id='word_1_236' title='bbox 966 2601 1014 2637; x_wconf 87' lang='lat' dir='ltr'>sua</span> <span class='ocrx_word' id='word_1_237' title='bbox 1027 2583 1106 2636; x_wconf 87' lang='lat' dir='ltr'>etiam</span> <span class='ocrx_word' id='word_1_238' title='bbox 1120 2581 1170 2635; x_wconf 91' lang='lat' dir='ltr'>diis</span> <span class='ocrx_word' id='word_1_239' title='bbox 1181 2583 1322 2654; x_wconf 83' lang='lat' dir='ltr'>exprobra·</span> 
     </span>
     <span class='ocr_line' id='line_1_27' title="bbox 261 2665 1221 2740; baseline -0.006 -19"><span class='ocrx_word' id='word_1_240' title='bbox 261 2668 302 2721; x_wconf 86' lang='lat' dir='ltr'>bis</span> <span class='ocrx_word' id='word_1_241' title='bbox 314 2687 432 2722; x_wconf 83' lang='lat' dir='ltr'>munera.</span> <span class='ocrx_word' id='word_1_242' title='bbox 444 2671 484 2722; x_wconf 89' lang='lat' dir='ltr'>De</span> <span class='ocrx_word' id='word_1_243' title='bbox 496 2669 646 2740; x_wconf 84' lang='lat' dir='ltr'>temperetis</span> <span class='ocrx_word' id='word_1_244' title='bbox 655 2668 728 2723; x_wconf 80' lang='lat' dir='ltr'>zonis</span> <span class='ocrx_word' id='word_1_245' title='bbox 736 2668 793 2722; x_wconf 75' lang='lat' dir='ltr'>huc</span> <span class='ocrx_word' id='word_1_246' title='bbox 803 2667 841 2720; x_wconf 81' lang='lat' dir='ltr'>sit</span> <span class='ocrx_word' id='word_1_247' title='bbox 850 2665 977 2738; x_wconf 69' lang='lat' dir='ltr'>Virgilius</span> <span class='ocrx_word' id='word_1_248' title='bbox 988 2703 996 2731; x_wconf 85' lang='lat'>,</span> <span class='ocrx_word' id='word_1_249' title='bbox 1008 2667 1103 2738; x_wconf 78' lang='lat' dir='ltr'>Georg-</span> <span class='ocrx_word' id='word_1_250' title='bbox 1117 2667 1141 2730; x_wconf 93' lang='lat'>1,</span> <span class='ocrx_word' id='word_1_251' title='bbox 1155 2667 1221 2736; x_wconf 78' lang='lat'>237:</span> 
     </span>
    </p>
   </div>
   <div class='ocr_carea' id='block_1_8' title="bbox 402 2785 954 2912">
    <p class='ocr_par' dir='ltr' id='par_1_8' title="bbox 402 2785 954 2912">
     <span class='ocr_line' id='line_1_28' title="bbox 406 2785 954 2849; baseline -0.007 -12"><span class='ocrx_word' id='word_1_252' title='bbox 406 2821 660 2836; x_wconf 86' lang='grc'>.................</span> <span class='ocrx_word' id='word_1_253' title='bbox 675 2788 726 2836; x_wconf 78' lang='lat' dir='ltr'>dua</span> <span class='ocrx_word' id='word_1_254' title='bbox 736 2787 875 2835; x_wconf 84' lang='lat' dir='ltr'>mortalibus</span> <span class='ocrx_word' id='word_1_255' title='bbox 887 2785 954 2849; x_wconf 77' lang='lat' dir='ltr'>egris</span> 
     </span>
     <span class='ocr_line' id='line_1_29' title="bbox 402 2863 711 2912; baseline -0.01 -1"><span class='ocrx_word' id='word_1_256' title='bbox 402 2867 493 2911; x_wconf 78' lang='lat' dir='ltr'>Munera</span> <span class='ocrx_word' id='word_1_257' title='bbox 503 2879 619 2912; x_wconf 79' lang='lat' dir='ltr'>concessu</span> <span class='ocrx_word' id='word_1_258' title='bbox 629 2863 711 2910; x_wconf 67' lang='lat' dir='ltr'>dicum.</span> 
     </span>
    </p>
   </div>
   <div class='ocr_carea' id='block_1_9' title="bbox 295 3017 1008 3169">
    <p class='ocr_par' dir='ltr' id='par_1_9' title="bbox 295 3017 1008 3169">
     <span class='ocr_line' id='line_1_30' title="bbox 295 3017 1008 3085; baseline 0 -16"><span class='ocrx_word' id='word_1_259' title='bbox 295 3017 328 3070; x_wconf 84' lang='lat' dir='ltr'>V.</span> <span class='ocrx_word' id='word_1_260' title='bbox 340 3033 390 3085; x_wconf 77' lang='lat'>²²9</span> <span class='ocrx_word' id='word_1_261' title='bbox 396 3054 613 3071; x_wconf 90' lang='grc'>.............</span> <span class='ocrx_word' id='word_1_262' title='bbox 632 3023 684 3070; x_wconf 83' lang='lat' dir='ltr'>Nec</span> <span class='ocrx_word' id='word_1_263' title='bbox 696 3038 740 3070; x_wconf 83' lang='lat' dir='ltr'>nos</span> <span class='ocrx_word' id='word_1_264' title='bbox 746 3056 755 3080; x_wconf 92' lang='lat'><em>,</em></span> <span class='ocrx_word' id='word_1_265' title='bbox 768 3038 782 3069; x_wconf 88' lang='grc' dir='ltr'><strong>ο</strong></span> <span class='ocrx_word' id='word_1_266' title='bbox 796 3031 872 3078; x_wconf 83' lang='lat' dir='ltr'>nuta,</span> <span class='ocrx_word' id='word_1_267' title='bbox 887 3020 1008 3085; x_wconf 64' lang='lat' dir='ltr'>mud&#39;enus</span> 
     </span>
     <span class='ocr_line' id='line_1_31' title="bbox 403 3101 997 3169; baseline 0 -17"><span class='ocrx_word' id='word_1_268' title='bbox 403 3103 503 3153; x_wconf 78' lang='lat' dir='ltr'>Clmerit</span> <span class='ocrx_word' id='word_1_269' title='bbox 515 3103 561 3153; x_wconf 84' lang='lat' dir='ltr'>lioc</span> <span class='ocrx_word' id='word_1_270' title='bbox 573 3121 622 3154; x_wconf 87' lang='lat' dir='ltr'>uno</span> <span class='ocrx_word' id='word_1_271' title='bbox 634 3119 728 3169; x_wconf 84' lang='lat' dir='ltr'>semper</span> <span class='ocrx_word' id='word_1_272' title='bbox 737 3105 783 3153; x_wconf 78' lang='lat' dir='ltr'>sub</span> <span class='ocrx_word' id='word_1_273' title='bbox 788 3101 888 3168; x_wconf 64' lang='lat' dir='ltr'>sn&#39;grore</span> <span class='ocrx_word' id='word_1_274' title='bbox 900 3101 997 3152; x_wconf 66' lang='lat' dir='ltr'>Phasis.</span> 
     </span>
    </p>
   </div>
   <div class='ocr_carea' id='block_1_10' title="bbox 260 3228 1324 3294">
    <p class='ocr_par' dir='ltr' id='par_1_10' title="bbox 260 3228 1324 3294">
     <span class='ocr_line' id='line_1_32' title="bbox 260 3228 1324 3294; baseline -0.004 -10"><span class='ocrx_word' id='word_1_275' title='bbox 260 3230 337 3284; x_wconf 90' lang='lat' dir='ltr'>Circe</span> <span class='ocrx_word' id='word_1_276' title='bbox 347 3230 427 3283; x_wconf 75' lang='lat' dir='ltr'>uiuite</span> <span class='ocrx_word' id='word_1_277' title='bbox 435 3242 493 3283; x_wconf 83' lang='lat' dir='ltr'>erut</span> <span class='ocrx_word' id='word_1_278' title='bbox 501 3229 618 3294; x_wconf 76' lang='lat' dir='ltr'>Medeae3</span> <span class='ocrx_word' id='word_1_279' title='bbox 629 3229 676 3285; x_wconf 87' lang='lat' dir='ltr'>sed</span> <span class='ocrx_word' id='word_1_280' title='bbox 686 3247 746 3284; x_wconf 86' lang='lat' dir='ltr'>estu</span> <span class='ocrx_word' id='word_1_281' title='bbox 754 3267 762 3291; x_wconf 90' lang='lat'><strong>,</strong></span> <span class='ocrx_word' id='word_1_282' title='bbox 771 3229 882 3282; x_wconf 80' lang='lat' dir='ltr'>affectus</span> <span class='ocrx_word' id='word_1_283' title='bbox 892 3228 1076 3294; x_wconf 72' lang='lat' dir='ltr'>simulatione,</span> <span class='ocrx_word' id='word_1_284' title='bbox 1085 3243 1172 3282; x_wconf 83' lang='lat' dir='ltr'>natum</span> <span class='ocrx_word' id='word_1_285' title='bbox 1182 3239 1259 3283; x_wconf 81' lang='lat' dir='ltr'>vocat</span> <span class='ocrx_word' id='word_1_286' title='bbox 1268 3265 1276 3293; x_wconf 87' lang='lat'><strong>,</strong></span> <span class='ocrx_word' id='word_1_287' title='bbox 1285 3228 1324 3280; x_wconf 92' lang='lat' dir='ltr'>uti</span> 
     </span>
    </p>
   </div>
   <div class='ocr_carea' id='block_1_11' title="bbox 166 3312 1325 3396">
    <p class='ocr_par' dir='ltr' id='par_1_11' title="bbox 166 3312 1325 3396">
     <span class='ocr_line' id='line_1_33' title="bbox 166 3312 1325 3396; baseline -0.003 -28"><span class='ocrx_word' id='word_1_288' title='bbox 166 3383 180 3396; x_wconf 77' lang='lat'><em>.</em></span> <span class='ocrx_word' id='word_1_289' title='bbox 260 3312 375 3368; x_wconf 77' lang='lat' dir='ltr'>vicissim</span> <span class='ocrx_word' id='word_1_290' title='bbox 384 3314 418 3366; x_wconf 91' lang='lat' dir='ltr'>ab</span> <span class='ocrx_word' id='word_1_291' title='bbox 426 3312 472 3366; x_wconf 85' lang='lat' dir='ltr'>illu</span> <span class='ocrx_word' id='word_1_292' title='bbox 481 3327 560 3364; x_wconf 78' lang='lat' dir='ltr'>muter</span> <span class='ocrx_word' id='word_1_293' title='bbox 568 3312 656 3380; x_wconf 85' lang='lat' dir='ltr'>audit,</span> <span class='ocrx_word' id='word_1_294' title='bbox 667 3313 753 3378; x_wconf 80' lang='lat' dir='ltr'>iufra,</span> <span class='ocrx_word' id='word_1_295' title='bbox 764 3331 788 3366; x_wconf 85' lang='lat' dir='ltr'>v.</span> <span class='ocrx_word' id='word_1_296' title='bbox 801 3316 861 3375; x_wconf 68' lang='lat' dir='ltr'>siu.</span> <span class='ocrx_word' id='word_1_297' title='bbox 873 3343 908 3354; x_wconf 95' lang='lat'>-</span> <span class='ocrx_word' id='word_1_298' title='bbox 921 3313 1100 3386; x_wconf 72' lang='lat' dir='ltr'>Zinzerlingus</span> <span class='ocrx_word' id='word_1_299' title='bbox 1114 3331 1144 3366; x_wconf 86' lang='lat' dir='ltr'>so</span> <span class='ocrx_word' id='word_1_300' title='bbox 1156 3313 1325 3366; x_wconf 81' lang='lat' dir='ltr'>Burmannus</span> 
     </span>
    </p>
   </div>
   <div class='ocr_carea' id='block_1_12' title="bbox 255 3393 1327 3884">
    <p class='ocr_par' dir='ltr' id='par_1_12' title="bbox 255 3393 1327 3884">
     <span class='ocr_line' id='line_1_34' title="bbox 260 3393 1323 3468; baseline -0.003 -18"><span class='ocrx_word' id='word_1_301' title='bbox 260 3397 407 3468; x_wconf 75' lang='lat' dir='ltr'>elegantem</span> <span class='ocrx_word' id='word_1_302' title='bbox 419 3395 492 3448; x_wconf 89' lang='lat' dir='ltr'>huuc</span> <span class='ocrx_word' id='word_1_303' title='bbox 505 3396 577 3449; x_wconf 83' lang='lat' dir='ltr'>verbi</span> <span class='ocrx_word' id='word_1_304' title='bbox 592 3399 689 3447; x_wconf 73' lang='lat' dir='ltr'>cludere</span> <span class='ocrx_word' id='word_1_305' title='bbox 705 3413 784 3449; x_wconf 87' lang='lat' dir='ltr'>usum</span> <span class='ocrx_word' id='word_1_306' title='bbox 803 3408 980 3450; x_wconf 73' lang='lat' dir='ltr'>notaverunt:</span> <span class='ocrx_word' id='word_1_307' title='bbox 995 3396 1121 3450; x_wconf 85' lang='lat' dir='ltr'>videntur</span> <span class='ocrx_word' id='word_1_308' title='bbox 1140 3397 1211 3450; x_wconf 88' lang='lat' dir='ltr'>enim</span> <span class='ocrx_word' id='word_1_309' title='bbox 1231 3393 1323 3458; x_wconf 79' lang='lat' dir='ltr'>fluvii,</span> 
     </span>
     <span class='ocr_line' id='line_1_35' title="bbox 260 3475 1325 3554; baseline 0.001 -24"><span class='ocrx_word' id='word_1_310' title='bbox 260 3496 327 3550; x_wconf 87' lang='lat' dir='ltr'>quos</span> <span class='ocrx_word' id='word_1_311' title='bbox 339 3481 431 3550; x_wconf 80' lang='lat' dir='ltr'>finium</span> <span class='ocrx_word' id='word_1_312' title='bbox 451 3481 555 3530; x_wconf 77' lang='lat' dir='ltr'>arbitm</span> <span class='ocrx_word' id='word_1_313' title='bbox 573 3475 639 3530; x_wconf 88' lang='lat' dir='ltr'>dicit</span> <span class='ocrx_word' id='word_1_314' title='bbox 653 3478 849 3543; x_wconf 83' lang='lat' dir='ltr'>Tertullianus,</span> <span class='ocrx_word' id='word_1_315' title='bbox 869 3480 1003 3554; x_wconf 75' lang='lat' dir='ltr'>regiones,</span> <span class='ocrx_word' id='word_1_316' title='bbox 1020 3499 1085 3552; x_wconf 84' lang='lat' dir='ltr'>quus</span> <span class='ocrx_word' id='word_1_317' title='bbox 1103 3481 1178 3534; x_wconf 85' lang='lat' dir='ltr'>slluit</span> <span class='ocrx_word' id='word_1_318' title='bbox 1196 3479 1325 3552; x_wconf 81' lang='lat' dir='ltr'>quisque,</span> 
     </span>
     <span class='ocr_line' id='line_1_36' title="bbox 261 3560 1325 3633; baseline -0.003 -19"><span class='ocrx_word' id='word_1_319' title='bbox 261 3562 376 3633; x_wconf 73' lang='lat' dir='ltr'>singulis</span> <span class='ocrx_word' id='word_1_320' title='bbox 398 3560 515 3614; x_wconf 80' lang='lat' dir='ltr'>dividere</span> <span class='ocrx_word' id='word_1_321' title='bbox 534 3578 565 3614; x_wconf 81' lang='lat' dir='ltr'>ac</span> <span class='ocrx_word' id='word_1_322' title='bbox 583 3561 733 3615; x_wconf 82' lang='lat' dir='ltr'>terminare.</span> <span class='ocrx_word' id='word_1_323' title='bbox 750 3560 801 3617; x_wconf 87' lang='lat' dir='ltr'>Sed</span> <span class='ocrx_word' id='word_1_324' title='bbox 813 3563 905 3616; x_wconf 79' lang='lat' dir='ltr'>Phasis</span> <span class='ocrx_word' id='word_1_325' title='bbox 920 3563 972 3615; x_wconf 92' lang='lat' dir='ltr'>hoc</span> <span class='ocrx_word' id='word_1_326' title='bbox 984 3563 1043 3616; x_wconf 88' lang='lat' dir='ltr'>loco</span> <span class='ocrx_word' id='word_1_327' title='bbox 1058 3562 1097 3615; x_wconf 90' lang='lat' dir='ltr'>nil</span> <span class='ocrx_word' id='word_1_328' title='bbox 1108 3562 1180 3616; x_wconf 80' lang='lat' dir='ltr'>aliud</span> <span class='ocrx_word' id='word_1_329' title='bbox 1194 3573 1232 3614; x_wconf 84' lang='lat' dir='ltr'>est</span> <span class='ocrx_word' id='word_1_330' title='bbox 1243 3578 1325 3632; x_wconf 80' lang='lat' dir='ltr'>quum</span> 
     </span>
     <span class='ocr_line' id='line_1_37' title="bbox 260 3643 1326 3720; baseline 0 -23"><span class='ocrx_word' id='word_1_331' title='bbox 260 3643 361 3699; x_wconf 77' lang='lat' dir='ltr'>Aldiuas</span> <span class='ocrx_word' id='word_1_332' title='bbox 373 3649 540 3720; x_wconf 84' lang='lat' dir='ltr'>conjectura:</span> <span class='ocrx_word' id='word_1_333' title='bbox 551 3643 655 3699; x_wconf 87' lang='lat' dir='ltr'>codices</span> <span class='ocrx_word' id='word_1_334' title='bbox 670 3663 701 3697; x_wconf 79' lang='lat' dir='ltr'>ac</span> <span class='ocrx_word' id='word_1_335' title='bbox 710 3660 811 3700; x_wconf 83' lang='lat' dir='ltr'>veteres</span> <span class='ocrx_word' id='word_1_336' title='bbox 823 3646 952 3701; x_wconf 87' lang='lat' dir='ltr'>editiones</span> <span class='ocrx_word' id='word_1_337' title='bbox 962 3646 1060 3700; x_wconf 84' lang='lat' dir='ltr'>habent</span> <span class='ocrx_word' id='word_1_338' title='bbox 1070 3651 1156 3698; x_wconf 81' lang='lat' dir='ltr'>mansis</span> <span class='ocrx_word' id='word_1_339' title='bbox 1165 3687 1172 3712; x_wconf 91' lang='lat'><strong><em>‚</em></strong></span> <span class='ocrx_word' id='word_1_340' title='bbox 1181 3646 1228 3718; x_wconf 83' lang='lat' dir='ltr'>qui</span> <span class='ocrx_word' id='word_1_341' title='bbox 1238 3656 1326 3718; x_wconf 88' lang='lat' dir='ltr'>potest</span> 
     </span>
     <span class='ocr_line' id='line_1_38' title="bbox 260 3728 1327 3802; baseline -0.002 -20"><span class='ocrx_word' id='word_1_342' title='bbox 260 3728 401 3802; x_wconf 80' lang='lat' dir='ltr'>explicari,</span> <span class='ocrx_word' id='word_1_343' title='bbox 414 3729 435 3784; x_wconf 85' lang='lat' dir='ltr'>si</span> <span class='ocrx_word' id='word_1_344' title='bbox 446 3729 626 3802; x_wconf 76' lang='lat' dir='ltr'>capieturprc</span> <span class='ocrx_word' id='word_1_345' title='bbox 641 3749 726 3790; x_wconf 70' lang='lat' dir='ltr'>anno5</span> <span class='ocrx_word' id='word_1_346' title='bbox 738 3734 872 3800; x_wconf 70' lang='lat' dir='ltr'>indiguum</span> <span class='ocrx_word' id='word_1_347' title='bbox 888 3749 991 3782; x_wconf 77' lang='lat' dir='ltr'>mensem</span> <span class='ocrx_word' id='word_1_348' title='bbox 1009 3731 1079 3783; x_wconf 80' lang='lat' dir='ltr'>coni.</span> <span class='ocrx_word' id='word_1_349' title='bbox 1094 3747 1155 3785; x_wconf 87' lang='lat' dir='ltr'>eum</span> <span class='ocrx_word' id='word_1_350' title='bbox 1172 3749 1239 3782; x_wconf 82' lang='lat' dir='ltr'>auno</span> <span class='ocrx_word' id='word_1_351' title='bbox 1257 3729 1327 3780; x_wconf 71' lang='lat' dir='ltr'>liuti-</span> 
     </span>
     <span class='ocr_line' id='line_1_39' title="bbox 255 3813 574 3884; baseline 0.003 -20"><span class='ocrx_word' id='word_1_352' title='bbox 255 3814 330 3881; x_wconf 76' lang='lat' dir='ltr'>fero,</span> <span class='ocrx_word' id='word_1_353' title='bbox 343 3831 436 3884; x_wconf 77' lang='lat' dir='ltr'>supra,</span> <span class='ocrx_word' id='word_1_354' title='bbox 447 3813 501 3876; x_wconf 88' lang='lat'>111,</span> <span class='ocrx_word' id='word_1_355' title='bbox 512 3817 574 3878; x_wconf 69' lang='grc'>454.</span> 
     </span>
    </p>
   </div>
   <div class='ocr_carea' id='block_1_13' title="bbox 298 3955 960 4028">
    <p class='ocr_par' dir='ltr' id='par_1_13' title="bbox 298 3955 960 4028">
     <span class='ocr_line' id='line_1_40' title="bbox 298 3955 960 4028; baseline 0 -20"><span class='ocrx_word' id='word_1_356' title='bbox 298 3957 333 4008; x_wconf 90' lang='lat' dir='ltr'>V.</span> <span class='ocrx_word' id='word_1_357' title='bbox 349 3955 408 4010; x_wconf 73' lang='lat'>232.</span> <span class='ocrx_word' id='word_1_358' title='bbox 420 3961 454 4007; x_wconf 78' lang='lat' dir='ltr'>Bt</span> <span class='ocrx_word' id='word_1_359' title='bbox 464 3975 527 4008; x_wconf 76' lang='lat' dir='ltr'>nimo</span> <span class='ocrx_word' id='word_1_360' title='bbox 538 3961 642 4010; x_wconf 83' lang='lat' dir='ltr'>Ausonii</span> <span class='ocrx_word' id='word_1_361' title='bbox 653 3962 744 4028; x_wconf 79' lang='lat' dir='ltr'>conjux</span> <span class='ocrx_word' id='word_1_362' title='bbox 756 3978 800 4028; x_wconf 74' lang='lat' dir='ltr'>ego</span> <span class='ocrx_word' id='word_1_363' title='bbox 811 3963 878 4028; x_wconf 71' lang='lat' dir='ltr'>regia</span> <span class='ocrx_word' id='word_1_364' title='bbox 891 3961 960 4010; x_wconf 82' lang='lat' dir='ltr'>Pici:</span> 
     </span>
    </p>
   </div>
   <div class='ocr_carea' id='block_1_14' title="bbox 421 4044 1070 4192">
    <p class='ocr_par' dir='ltr' id='par_1_14' title="bbox 421 4044 1070 4192">
     <span class='ocr_line' id='line_1_41' title="bbox 423 4044 1070 4112; baseline 0.002 -21"><span class='ocrx_word' id='word_1_365' title='bbox 423 4045 474 4092; x_wconf 81' lang='lat' dir='ltr'>Nec</span> <span class='ocrx_word' id='word_1_366' title='bbox 488 4044 548 4094; x_wconf 74' lang='lat' dir='ltr'>milri</span> <span class='ocrx_word' id='word_1_367' title='bbox 555 4045 712 4112; x_wconf 73' lang='lat' dir='ltr'>stomnifens</span> <span class='ocrx_word' id='word_1_368' title='bbox 724 4045 823 4094; x_wconf 77' lang='lat' dir='ltr'>lomus</span> <span class='ocrx_word' id='word_1_369' title='bbox 832 4045 868 4094; x_wconf 83' lang='lat' dir='ltr'>ibi</span> <span class='ocrx_word' id='word_1_370' title='bbox 875 4061 970 4110; x_wconf 75' lang='lat' dir='ltr'>pascua</span> <span class='ocrx_word' id='word_1_371' title='bbox 979 4045 1070 4102; x_wconf 78' lang='lat' dir='ltr'>tauris,</span> 
     </span>
     <span class='ocr_line' id='line_1_42' title="bbox 421 4128 904 4192; baseline -0.002 -17"><span class='ocrx_word' id='word_1_372' title='bbox 421 4129 508 4192; x_wconf 76' lang='lat' dir='ltr'>Meque</span> <span class='ocrx_word' id='word_1_373' title='bbox 519 4129 587 4178; x_wconf 78' lang='lat' dir='ltr'>uides</span> <span class='ocrx_word' id='word_1_374' title='bbox 603 4129 673 4178; x_wconf 74' lang='lat' dir='ltr'>lissei</span> <span class='ocrx_word' id='word_1_375' title='bbox 685 4129 810 4178; x_wconf 64' lang='lat' dir='ltr'>domnam</span> <span class='ocrx_word' id='word_1_376' title='bbox 820 4128 904 4176; x_wconf 75' lang='lat' dir='ltr'>muris.</span> 
     </span>
    </p>
   </div>
   <div class='ocr_carea' id='block_1_15' title="bbox 0 0 1526 4678">
    <p class='ocr_par' dir='ltr' id='par_1_15' title="bbox 0 0 1526 4678">
     <span class='ocr_line' id='line_1_43' title="bbox 0 0 1526 4678; baseline 0 0"><span class='ocrx_word' id='word_1_377' title='bbox 0 0 1526 4678; x_wconf 95' lang='lat' dir='ltr'> </span> 
     </span>
    </p>
   </div>
  </div>
 </body>
</html>
