3002 4680
433 343 828 409 ARGONAUTICON
856 346 942 409 ΜΒ.
966 345 1046 408 Vll.
1227 345 1268 432 95

245 476 314 540 Nec
330 489 434 540 tantas
449 473 588 538 timuere
600 473 687 556 vias,
706 475 868 563 talemque
881 475 985 540 secuti

246 593 343 655 Hunc
353 589 411 678 qui
425 586 542 654 deinde
554 590 678 673 virum3
694 589 751 655 sed
763 591 810 655 sie
821 613 954 679 quoque
966 591 1037 655 talis
1049 591 1138 656 abito
1149 621 1171 656 s.
1244 625 1269 652 η

288 705 374 768 Τιιιη
385 704 502 784 jactata
518 719 610 786 toro,
627 703 832 794 nimiumque
845 721 976 795 experta
988 705 1114 790 cubile,

244 819 327 882 Ecce
342 815 431 881 videt
446 819 538 883 tenui
553 817 744 884 candescere
759 819 858 886 limen
875 821 965 904 Eoo;

243 933 312 998 Nec
328 933 437 998 minus
454 934 637 998 insomnem
654 936 710 999 lux
727 949 799 999 orta
813 935 925 1000 refecit
940 950 1119 1012 amantem,

244 1047 352 1130 Quam
367 1069 470 1136 quum
487 1049 676 1137 languentes
690 1049 767 1114 levis
782 1050 877 1140 erigit
891 1049 997 1114 imber
1010 1049 1139 1132 aristas,

244 1159 406 1250 Grataque
416 1161 482 1241 jum
498 1161 588 1226 fessis
602 1161 806 1228 descendunt
821 1162 950 1228 flamina
966 1165 1074 1229 remis.
1243 1187 1267 1226 n

286 1277 330 1340 At
345 1299 403 1339 sua
416 1277 586 1365 longarum
600 1276 726 1366 Minyas
739 1277 804 1359 jam
819 1292 897 1344 'cura
910 1280 1035 1344 viarum

241 1389 425 1472 Admonet,
442 1393 542 1478 inque
560 1393 632 1480 ipso
649 1392 871 1482 nequidquam
887 1411 1034 1484 tempore
1046 1417 1156 1484 regens

241 1503 372 1569 Lutitioe
388 1504 560 1592 meritique
575 1522 710 1594 petunt3
729 1530 828 1596 quern
845 1531 957 1597 passus
972 1510 1067 1574 Iason

229 1677 265 1710 uo.
280 1665 306 1710 Si
318 1678 415 1727 quoque.
432 1666 496 1710 lunt.
511 1689 538 1700 -
554 1679 592 1712 αι.
609 1667 663 1712 Jam
672 1665 776 1728 jactata.
787 1668 851 1714 lunt.
863 1667 948 1714 Muses.
962 1667 1016 1714 Ald.
1030 1669 1089 1731 ling.
1107 1671 1208 1732 Tumque
1223 1686 1265 1716 es·

197 1749 269 1786 serta.
280 1739 356 1786 Vstic.
371 1738 427 1786 cod.
440 1743 539 1803 Tumque
547 1748 665 1802 expectata
675 1739 753 1786 cubili.
765 1741 829 1788 ὑπ,
842 1768 873 1778 -
882 1748 920 1795 ut.
934 1742 997 1788 teon
1012 1741 1077 1788 deest
1089 1741 1114 1788 in
1123 1742 1198 1790 Vstio.
1208 1743 1261 1790 cod.

197 1816 340 1876 [anguem
350 1815 429 1860 erexit.
439 1816 497 1860 Bon.
508 1813 561 1860 eod.
572 1823 596 1860 st
605 1813 660 1860 edd.
670 1823 724 1862 ente
734 1815 799 1862 Cas-r.
809 1826 894 1878 prcus
904 1817 991 1862 Muses.
1001 1817 1042 1877 qui
1051 1819 1158 1863 erexerit.
1170 1817 1212 1863 Eu.

196 1960 342 2016 mulantent
360 1960 476 2014 animum
494 1959 649 2013 muliebrem
672 1959 707 2014 ed
751 1962 850 2015 milltes
869 1973 929 2034 post
946 1963 1050 2016 labores
1070 1961 1179 2016 secundi
1197 1963 1266 2035 aspi·

195 2040 642 2113 naturamexpressitllalerius.lta
652 2059 707 2094 mo·
750 2054 812 2094 rant
826 2041 914 2106 venti,
928 2055 1053 2110 genteque
1059 2044 1117 2109 jans
1124 2041 1203 2108 fessis
1220 2045 1263 2093 de·

196 2119 268 2174 desta
280 2133 320 2175 est
332 2120 406 2192 virgo
416 2161 424 2187 ,
435 2130 465 2173 ut
475 2118 510 2173 de
522 2139 550 2174 se
562 2120 619 2190 ipsu
632 2120 707 2192 loqui
750 2125 871 2174 scendunt
869 2124 982 2191 stunsina
990 2119 1265 2174 remis.-Msnilesto

195 2201 266 2254 nolle
274 2199 402 2254 videatur.
412 2201 472 2254 Non
483 2196 562 2252 dicit:
571 2199 629 2270 Ego
639 2219 706 2253 nun·
750 2198 930 2253 hallucinatur
937 2199 1105 2271 Wagnerus:
1117 2217 1209 2252 sensns
1217 2199 1262 2253 hic

195 2297 277 2351 quam
294 2279 460 2332 Thessaliam
482 2277 577 2344 adibo,
598 2278 707 2331 fortasse
751 2291 790 2332 est
801 2295 808 2331 s
818 2278 912 2333 Medea
923 2278 1056 2332 insomnio
1068 2277 1191 2349 fatigate,
1202 2292 1261 2334 erte

194 2373 283 2412 tamen
302 2356 556 2430 pater,quiutinsm
575 2375 618 2410 me
631 2357 705 2410 itine-
749 2358 810 2412 luce
831 2377 885 2412 non
913 2357 1002 2411 minus
1029 2357 1158 2422 rfflcitur,
1181 2377 1263 2431 quam

192 2438 230 2491 ris
245 2437 344 2492 sociam
361 2435 491 2495 assumat!
504 2436 655 2490 Porronon
667 2434 707 2489 dl·
750 2437 897 2491 sristnlevi
907 2437 1260 2510 imbre,qusmnautseven·

193 2517 243 2570 cit:
253 2517 362 2571 Mallem
375 2517 432 2590 ipsa
448 2535 536 2570 comes
549 2517 639 2570 latoni
650 2535 706 2570 esse
751 2530 778 2570 to
790 2515 976 2572 secundo.Eu.

192 2596 314 2651 redeunti
338 2596 366 2649 in
385 2596 514 2668 patriam,
539 2596 585 2650 sed
616 2595 705 2650 felices
786 2598 981 2650 assensero·
1001 2597 1080 2650 lason
1100 2595 1189 2650 denuo
1214 2596 1261 2651 sd-

193 2675 322 2748 predico,
334 2677 382 2749 qui
394 2687 465 2730 sunt.
749 2675 867 2730 eundum
888 2675 938 2729 sibi
954 2693 1041 2748 regem
1060 2687 1142 2748 putat.
1160 2683 1196 2727 At
1215 2695 1261 2728 sna

230 2775 271 2809 so.
288 2760 338 2808 Sed
359 2758 394 2807 sie
421 2775 518 2824 quoque
540 2759 597 2808 talis
623 2758 702 2815 abito,
750 2759 881 2825 longanum
892 2759 992 2822 Minyas
1000 2759 1057 2823 jam
1074 2775 1134 2806 euro
1149 2758 1263 2818 niumm,

192 2852 343 2907 qnansum
355 2835 390 2888 its
400 2835 531 2888 formosus
537 2833 646 2906 juvenis
655 2845 705 2896 est,
749 2834 853 2887 velleris
864 2835 955 2898 surm,
968 2835 1042 2905 cujus
1057 2851 1138 2886 causa
1153 2845 1192 2887 tot
1207 2851 1262 2888 ma-

193 2933 253 2968 enm
267 2926 355 2968 tamen
369 2931 401 2968 ex
414 2914 504 2968 animo
513 2911 610 2965 sensim
619 2911 707 2983 depel·
750 2913 786 2966 rie
809 2924 885 2966 munt
903 2913 1018 2976 emensi,
1032 2917 1156 2965 adsnonet.
1171 2943 1205 2954 --
1219 2913 1264 2968 Sic

191 2994 247 3048 lese
260 2994 425 3048 allaborabo.
750 2989 857 3045 ordines
866 2993 946 3045 verba
958 3007 966 3044 s
981 2997 1015 3043 As
1029 3010 1074 3042 sua
1088 3011 1149 3043 eura
1161 2996 1261 3058 Minyas

228 3091 272 3126 ss.
285 3077 344 3125 Tum
350 3077 454 3143 jactata
473 3087 539 3134 tore,
556 3073 705 3139 nimiumque
749 3075 867 3123 admonet
879 3076 1008 3140 longarum
1025 3073 1134 3132 mamm,
1147 3081 1186 3125 tot
1204 3091 1260 3124 ms·
1319 3105 1322 3115 ‹

192 3167 295 3221 espessa
309 3156 402 3213 attile,
415 3152 492 3204 nimis
510 3151 637 3204 diuturna
654 3151 704 3222 ipsi
748 3151 818 3202 num
829 3167 920 3204 rursus
930 3149 1146 3204 emetiendorutu.
1155 3149 1209 3204 En.

191 3249 244 3286 nox
256 3232 330 3296 visa,
345 3231 460 3304 lectique
474 3231 624 3303 impatiens,
637 3233 707 3290 uide:
785 3247 827 3299 ²7·
846 3235 927 3298 Inque
947 3233 999 3298 ipso
1017 3231 1184 3298 nequidquam
1205 3245 1263 3283 tens-

191 3315 259 3363 tenui
268 3316 417 3364 candescere
426 3315 498 3363 limen
510 3315 577 3372 Eoo,-
583 3309 702 3383 iucunda
744 3329 807 3378 pore
822 3329 902 3379 regem
916 3313 1007 3361 laetitiae
1022 3312 1147 3378 meritique
1156 3325 1263 3380 penam,

190 3389 300 3445 diluculi
313 3389 470 3463 descriptio,
480 3387 633 3442 cubiculum
643 3389 701 3441 illu·
750 3389 863 3443 maxime
879 3402 1058 3462 opportunum
1075 3401 1192 3461 tempus,
1209 3391 1264 3443 fru-

190 3481 273 3524 strare
282 3469 440 3541 incipientis.
749 3479 803 3521 stra
820 3480 926 3535 tamen,
942 3468 1010 3534 ruti,
1028 3485 1082 3539 quo
1100 3469 1189 3522 lustum
1206 3471 1263 3542 regi

226 3549 270 3602 23.
281 3548 332 3603 Sed
341 3568 390 3602 neo
402 3554 446 3601 lue
456 3562 511 3599 ona
521 3549 656 3599 ensunnsm
666 3567 702 3599 re·
749 3548 874 3600 nuntium
887 3546 921 3601 de
934 3547 1042 3600 victoris
1057 3547 1222 3614 attulissent,
1235 3549 1263 3602 iu

183 3629 252 3696 feeit
263 3643 402 3688 mesen,
413 3645 462 3680 ricc
470 3629 551 3699 pleno
564 3626 608 3680 die
621 3627 655 3680 iu
666 3645 706 3680 se·
751 3643 802 3696 qua
820 3623 981 3698 reportanda
994 3625 1047 3697 ipsi
1063 3637 1118 3678 tam
1133 3626 1263 3697 insignem

190 3717 345 3760 cseetamse
357 3707 442 3773 vidit,
460 3707 498 3760 uti
513 3719 630 3778 segetes,
644 3725 705 3778 ques
750 3704 1052 3777 prestitissentopersm.
1121 3737 1124 3743 -

190 3785 274 3838 nimio
284 3785 347 3838 solis
355 3797 419 3839 ssstn
427 3785 550 3840 marcide
560 3825 567 3850 ‚
578 3797 605 3840 et
616 3786 704 3857 capitu
786 3785 830 3838 ²8.
837 3786 932 3856 Regem
937 3803 1029 3853 pessus
1038 3789 1115 3836 lason
1126 3785 1265 3853 compress

188 3865 388 3932 submittentes,
397 3869 452 3940 jam
462 3865 535 3919 tenni
549 3865 641 3938 pluvis
652 3883 702 3918 no-
748 3878 885 3933 capsasque
892 3868 945 3916 deis
954 3867 1089 3916 neeeme
1093 3866 1205 3930 pmdae.
1214 3864 1262 3917 Lo·

192 3963 257 3998 rum
280 3944 399 4016 vigorem
423 3944 564 4016 colligunt,
585 3957 611 3998 et
632 3958 704 3999 recte
747 3963 795 3998 cus
811 3940 1206 4016 subobscurus,quodverbum
1220 3963 1263 3994 ae·

190 4035 277 4090 stunt,
297 4029 444 4094 languentes
469 4045 532 4094 quas
554 4027 613 4078 levis
636 4029 706 4094 erigit
748 4027 854 4076 condere
861 4021 988 4078 uecvotis
998 4041 1046 4076 nec
1056 4021 1153 4095 pradis
1168 4034 1260 4094 aptum

187 4107 265 4156 imber
275 4107 380 4164 aristas,
391 4121 440 4156 nec
450 4105 488 4156 uti
498 4103 705 4174 nautes,quibus
749 4103 810 4156 satis
832 4101 965 4156 videntur.
980 4101 1032 4157 Sed
1053 4101 1086 4154 sd
1108 4115 1168 4152 uotn
1187 4101 1260 4154 aliud
