2958 4704
246 362 311 434 400
627 349 932 415 CATALOGUS

291 475 478 554 Neston,
505 473 597 537 Nelei
614 473 716 553 lilius,
740 472 798 559 qui
815 469 904 534 solus
918 471 1070 534 omnihus
1087 471 1240 536 frutribus
1255 485 1314 537 su'·

246 599 368 672 perstes
387 580 465 656 luit,
488 579 695 668 quialsberat'
710 601 750 642 eo
769 594 915 666 ternpore
935 575 1053 658 domo,
1072 599 1139 664 quo
1157 579 1314 643 Hercules

246 689 345 754 Nelea
361 711 436 752 curn
451 687 541 750 omni
557 687 674 750 familia
691 685 839 767 sustulit3
858 682 933 747 vide
950 683 1069 772 Hygin.
1091 685 1154 748 fab.
1175 707 1224 748 10.
1251 687 1314 750 llic

245 796 304 860 soli
315 794 442 857 Valerio
459 808 571 856 nostro
588 789 700 871 debet,
715 788 806 876 quod
823 789 909 852 inter
918 791 1123 876 Argonautas
1137 788 1311 870 hahesmm

247 900 321 964 vide
337 899 392 962 lib.
407 900 441 979 l,
461 897 541 978 380,
558 912 591 961 et
602 897 660 977 Vl,
680 893 754 981 569.
772 895 860 958 Licet
873 915 952 958 vero
968 893 1068 959 frater
1086 895 1155 976 ejus
1171 895 1311 982 Pen'cly-

191 1059 194 1070 .
247 1027 354 1070 menas
366 1019 445 1067 natu
461 1001 563 1082 major
575 1001 690 1081 fuerit,
704 1000 809 1088 ipsum
823 999 921 1078 hujus
937 999 1150 1087 expeditionis
1167 1007 1313 1089 ternpore

248 1109 392 1173 militaris
408 1108 508 1172 aetatis
531 1106 630 1170 fuisse
652 1121 800 1193 apparet,
817 1105 893 1192 quia
910 1104 975 1184 jam
992 1121 1088 1168 antea
1104 1105 1311 1193 Lapitharum

248 1214 414 1279 certamini
435 1211 597 1286 interfuit,
619 1209 709 1298 quod
731 1210 841 1296 paucis
859 1210 952 1272 annis
970 1209 1054 1274 hanc
1068 1211 1215 1274 militiam
1229 1235 1311 1299 prse-

248 1321 363 1396 cessit,
382 1336 420 1384 ut
436 1319 504 1406 ipse
520 1318 639 1382 Nestor
654 1315 743 1404 apud
759 1313 933 1397 Ovidium,
950 1315 1083 1380 Metam.
1099 1317 1179 1398 Xll,
1200 1339 1261 1380 ara
1279 1333 1313 1381 et

248 1451 315 1515 seq.
331 1444 364 1491 et
378 1426 507 1504 Noster,
521 1423 576 1488 lib.
589 1425 616 1500 l,
635 1421 706 1504 145,
724 1437 898 1502 testantur,
915 1445 1111 1510 quamquam
1129 1423 1311 1511 sonipedes,

249 1535 276 1598 si
290 1534 400 1596 omnia
412 1529 453 1595 ad
466 1530 626 1594 historicae
639 1529 782 1592 veritatis
796 1528 955 1592 calculum
971 1528 1060 1615 apud
1077 1528 1240 1615 Mythicos
1259 1553 1311 1592 re·

248 1661 362 1701 vocare
380 1637 555 1716 vellemus,
577 1634 654 1698 inde
670 1633 757 1712 injici
776 1649 901 1720 posset,
915 1630 1006 1720 quod
1028 1633 1139 1719 primis
1165 1634 1199 1696 in
1220 1635 1312 1696 annis

250 1743 435 1808 interfuisse
450 1738 629 1828 Calydonio
645 1738 777 1802 venatui
794 1737 881 1802 dicet
900 1735 1055 1816 Ovidius,
1078 1739 1208 1802 Metam.
1219 1738 1311 1817 Vlll,

251 1849 330 1931 313,
351 1848 407 1935 qui
431 1862 505 1935 post
524 1844 659 1909 reduces
676 1847 879 1933 Argonautas
894 1858 943 1908 est
958 1843 1137 1906 institutus.
1158 1844 1312 1907 Praeterea

249 1955 442 2020 Scholiastes
460 1951 567 2032 Statii,
585 1949 688 2014 Theb.
704 1949 761 2029 IV,
788 1949 866 2028 126,
890 1947 985 2025 dicit,
1010 1947 1102 2011 illum
1126 1946 1166 2011 ad
1192 1947 1311 2012 bellum

250 2062 441 2125 Thebanum
458 2079 525 2120 non
542 2056 652 2136 ivisse,
668 2055 743 2142 quia
760 2052 909 2118 nondum
929 2053 1137 2134 militaverat3
1158 2051 1247 2140 quod
1263 2069 1312 2115 ta-

251 2189 326 2231 men
353 2187 390 2229 ex
416 2163 523 2226 verbis
546 2161 636 2224 Statii
657 2161 711 2224 rix
732 2159 847 2222 conlici
870 2181 965 2244 posse
990 2175 1087 2246 put03
1112 2181 1184 2245 quae
1210 2160 1252 2222 ita
1278 2181 1313 2222 se

250 2272 370 2335 habent
386 2293 393 2330 τ

301 2399 303 2404 ¹
389 2409 515 2464 Nondum
529 2421 590 2461 nota
604 2407 699 2481 Pylos,
712 2409 869 2480 juvenisque
882 2419 957 2461 [etate
970 2408 1086 2460 secunda

391 2499 504 2561 Nestor;
518 2508 544 2550 at
555 2497 592 2549 ire
606 2509 693 2549 tamen
706 2497 821 2567 peritura
835 2495 862 2547 in
876 2507 960 2548 castra
971 2495 1085 2568 negavit.

249 2666 345 2732 Unde
362 2683 470 2730 tamen
485 2681 591 2753 patet,
616 2689 693 2729 eum
709 2667 792 2728 ultra
805 2666 935 2754 triginta
952 2687 1055 2728 annos
1075 2681 1207 2746 natum,
1223 2664 1312 2730 ideo·

249 2795 314 2860 que
335 2787 446 2859 aptum
471 2770 546 2833 satis
570 2769 706 2850 militiae,
728 2769 786 2833 sed
810 2769 952 2833 noluisse
978 2768 1056 2833 huic
1084 2768 1170 2832 hello
1194 2791 1311 2832 nornen

247 2900 345 2941 suum
361 2875 455 2958 dare;
476 2875 533 2938 uhi
551 2875 650 2950 etiarn
663 2873 811 2938 Barthius
828 2889 935 2954 notat,
959 2889 1068 2960 poetas
1084 2894 1150 2936 non
1168 2890 1314 2936 constare

248 2984 309 3064 sibi
326 2984 358 3046 in
374 2999 558 3068 temporum
573 2982 709 3061 ratione,
725 2995 762 3042 ut
775 2979 886 3042 talium
901 2977 1069 3058 dominos,
1087 3000 1153 3043 non
1165 2978 1313 3058 famulos,

248 3113 309 3154 suo
335 3088 476 3176 quodam
495 3087 671 3174 privilegio.
693 3086 829 3174 Reliqua
851 3084 892 3148 de
916 3086 1059 3148 Nestoris
1084 3085 1160 3148 actis
1185 3102 1217 3149 ct
1233 3086 1313 3162 rita,

247 3195 322 3282 quia
337 3194 465 3257 notiora
480 3209 574 3271 sunt,
588 3207 619 3254 et
632 3191 699 3254 huc
714 3213 781 3254 non
796 3190 969 3277 pertinent,
982 3190 1182 3253 omittemus.

291 3415 462 3494 OlLEUS,
477 3414 611 3478 Leodoct'
628 3431 661 3477 et
677 3417 903 3501 Agrianomes,
921 3413 991 3478 filiae
1008 3413 1194 3495 Perseonis‚
1211 3413 1313 3496 filius,

247 3543 285 3584 ex
311 3519 391 3582 urbe
415 3519 547 3583 Naricea
573 3519 721 3607 Hygino,
748 3521 811 3584 fab.
838 3524 896 3602 14,
917 3536 1132 3601 memoratum
1160 3519 1216 3584 sed
1239 3523 1313 3584 Ber·

248 3624 368 3689 clelius
393 3625 426 3688 in
454 3625 538 3688 notis
560 3624 601 3688 ad
625 3625 854 3713 Fragmentum
880 3625 1051 3712 Stephani,
1066 3649 1098 3712 p.
1116 3626 1175 3706 60,
1192 3625 1258 3689 sive
1274 3626 1314 3689 ad

247 3740 346 3795 Δώτιον,
360 3729 527 3811 emendat,
546 3731 709 3794 Odoedoci
724 3730 827 3812 filius,
845 3732 902 3819 qui
918 3730 1002 3794 filius
1018 3746 1086 3794 crat
1106 3730 1206 3818 Cyni,
1224 3731 1314 3818 quod

245 3853 380 3900 stemma
404 3835 483 3897 mihi
508 3851 556 3897 est
580 3836 748 3923 ignotum,
773 3853 806 3899 et
829 3835 1011 3900 Berckelins
1035 3859 1073 3898 ex
1098 3837 1246 3900 Eustath.
1273 3836 1316 3900 ad

245 3943 283 4006 11.
301 3943 350 4022 ll,
367 3939 447 4021 531,
464 3942 573 4004 matris
596 3941 692 4004 etiam
711 3964 830 4005 nomen
847 3942 1028 4005 Luonomen
1045 3964 1104 4030 pro
1120 3943 1316 4029 Agn'anome

245 4046 428 4127 substituit,
448 4046 538 4134 quod
559 4048 747 4128 verisimile5
774 4070 849 4110 narn
873 4045 958 4108 idem
983 4047 1095 4134 Steph.
1120 4047 1154 4110 in
1177 4057 1314 4128 nanim:
