2994 4702
232 311 294 376 380
613 309 909 377 CATALOGUS

222 432 330 522 polani
348 435 431 498 inter
453 439 654 523 Argonautas
679 449 840 515 recenset,
858 457 956 522 quem
980 431 1083 498 filium
1102 434 1199 514 hujus
1218 433 1302 524 Hp-

224 541 358 628 polotint'
369 539 467 614 ¹fnisse
481 539 596 622 credo,
610 557 643 604 et
657 562 776 605 nomen
790 539 842 604 vel
853 539 939 603 varie
954 539 1113 626 positum,
1125 540 1174 604 vel
1188 564 1207 603 a
1219 541 1309 604 scri··

230 644 280 708 bis
305 661 497 732 corruptum
527 667 587 733 per
611 644 843 734 compendium
873 644 1039 733 scripturae
1067 661 1160 734 puto.
1188 645 1297 709 Sohol.

228 748 393 838 Euripidis
411 748 452 812 ad
469 750 574 816 Orest.
589 773 634 814 vs.
654 748 692 833 5,
708 750 765 815 ubi
781 765 917 815 stemma
933 749 1059 838 Pelopis
1078 749 1196 831 habet,
1213 749 1308 814 inter⁴

233 855 301 933 ejus
320 853 401 920 filios
417 856 512 920 etiam
529 856 628 922 habet
643 857 865 945 Ht'ppalmum,
882 877 979 944 quem
996 854 1165 943 descripsit
1178 857 1243 920 fere
1257 855 1298 919 ad

233 959 371 1026 verbum
386 963 531 1049 Apostol.
550 979 633 1027 cent.
655 961 889 1052 xv111.‚adag.
908 985 928 1050 7
944 960 1045 1048 (male
1062 959 1240 1028 iilunkerus
1258 983 1300 1024 eo

153 1081 155 1085 ·
232 1089 371 1130 numero
382 1067 459 1132 citat
474 1069 671 1150 Zenobium,
685 1069 777 1149 cujus
800 1085 928 1134 tantum
945 1091 1000 1132 sex
1013 1069 1184 1134 Centurias
1197 1065 1302 1132 edidit

233 1171 416 1258 Schottus)
432 1172 610 1262 Hypalcum
624 1189 717 1237 vocat
732 1173 818 1238 idem
835 1173 955 1262 Hygin.
972 1195 1041 1262 oep.
1062 1173 1104 1251 84
1114 1188 1147 1236 et
1156 1195 1209 1261 97.
1224 1172 1300 1260 Hip-

229 1275 394 1363 palantum
421 1279 527 1344 Schol.
555 1278 685 1344 Pindari
704 1279 744 1342 ad
761 1279 891 1369 Olymp.
910 1281 941 1362 1,
958 1278 1105 1361 hltl3⁸0d
1120 1277 1299 1344 Munkerus

232 1383 386 1449 omnibus
401 1387 530 1474 prml'ert
547 1385 801 1474 Ht'pipalot'mum:
819 1377 977 1450 neemihi
993 1385 1159 1474 displice13
1175 1407 1250 1449 nam
1267 1401 1301 1449 et

233 1488 297 1554 hoc
314 1513 435 1556 nornen
455 1492 619 1558 Diodorus
637 1493 736 1558 habet
752 1493 807 1557 lib.
822 1495 879 1575 IV,
892 1516 964 1582 pag.
982 1494 1043 1558 188
1055 1541 1064 1574 ,
1077 1517 1116 1564 ex
1128 1515 1197 1580 quo
1213 1491 1301 1556 aliud

231 1593 316 1658 sorte
332 1611 467 1661 stemma
484 1597 582 1676 hujus
596 1599 789 1686 Argonautas
802 1597 917 1662 oonlici
931 1611 1057 1685 posset,
1069 1613 1106 1660 nt
1120 1619 1186 1662 non
1202 1595 1300 1660 fuerit

233 1700 360 1789 Pelopis
378 1701 480 1778 filius,
495 1703 553 1767 sed
574 1704 676 1785 Itoni,
692 1721 726 1768 et
741 1704 793 1768 ille
809 1703 1220 1791 Boeoti,hicA1nes,quae
1237 1701 1303 1766 lilia

235 1803 320 1870 AEoli
340 1805 490 1887 secundi,
508 1807 560 1871 ille
578 1809 747 1896 Hippotis,
763 1809 819 1896 qui
837 1807 1021 1889 Mimantis,
1039 1823 1071 1872 et
1088 1806 1143 1870 hic
1160 1806 1300 1895 denique

233 1911 318 1976 AEoli
338 1913 453 2000 primi,
471 1936 511 1977 ex
527 1937 594 2001 quo
610 1915 706 1978 etiam
725 1916 820 1978 lason
838 1930 871 1976 et
886 1912 1017 2001 plurimi
1035 1911 1238 2003 'Argonautas
1257 1913 1300 1975 Ut

233 2018 332 2082 fuerit
346 2041 423 2107 ergo
437 2019 631 2098 conjunctus
645 2020 802 2108 sanguine
814 2019 922 2082 Jasoni
937 2034 970 2082 et
981 2018 1137 2100 Cretheu,
1146 2019 1202 2107 qui
1216 2017 1302 2082 filius

234 2122 331 2187 AEoli.
347 2122 688 2211 Descenderequidem
698 2125 828 2214 longius
839 2125 923 2188 inira
935 2139 1080 2212 tempora
1094 2123 1164 2188 htee
1174 2122 1302 2189 videtur

237 2244 373 2292 stemma
403 2227 499 2310 illud,
513 2227 569 2292 sed
599 2243 631 2292 et
653 2229 768 2294 similia
796 2229 971 2296 habuimus
999 2231 1033 2294 in
1059 2230 1128 2296 aliis
1146 2228 1242 2296 :vide
1265 2229 1301 2294 in

152 2352 168 2394 ·.
236 2335 366 2398 Anroeo.

280 2567 426 2631 HYLAS.
456 2542 516 2632 Cat·
540 2593 603 2632 non
629 2569 732 2633 dictus
754 2569 855 2655 Hylas
877 2573 983 2656 puer?
1002 2568 1126 2657 vulgari
1151 2565 1237 2632 dicto
1262 2589 1301 2629 ex

236 2672 346 2762 Virgil.
367 2673 485 2764 Georg.
502 2677 565 2756 lli,
578 2677 616 2757 6,
631 2677 821 2757 celebratur,
835 2676 1027 2756 Theocrito,
1040 2674 1186 2764 Virgilio,
1202 2675 1303 2761 Apol-

233 2778 342 2860 lonio,
356 2779 460 2843 Valer.
481 2781 613 2864 Flacco,
631 2781 816 2870 Propertio,
834 2780 953 2860 Statio,
968 2794 1001 2843 et
1014 2779 1131 2842 'multis
1148 2779 1216 2842 aliis
1235 2799 1301 2840 me·

237 2903 399 2968 moratus5
417 2885 490 2950 vide
516 2887 623 2952 Barth.
654 2887 694 2950 ad
723 2887 800 2951 Stat.
825 2886 926 2950 Theb.
943 2886 983 2968 V,
1006 2885 1080 2964 443.
1111 2883 1206 2948 Pater
1233 2883 1302 2961 ejus

236 2992 366 3080 Hygino
385 2993 506 3056 dicitur
525 2993 739 3072 Theodotum,
767 3009 799 3057 et
820 3009 923 3056 mater
940 2991 1106 3054 Menodice
1128 2987 1300 3078 Nympha,

236 3096 367 3161 Orionis
381 3097 452 3160 filia.
473 3098 521 3161 De
535 3113 626 3185 patre
643 3097 853 3162 consentiunt
866 3097 961 3160 etiam
976 3097 1048 3176 alii,
1067 3113 1100 3159 et
1114 3093 1193 3158 inde
1205 3094 1303 3158 Theo·

234 3202 421 3266 damnamus
434 3202 553 3267 dicitur
567 3203 750 3290 Propertio,
767 3203 820 3266 lib.
835 3205 867 3284 1,
885 3203 965 3291 eleg.
983 3225 1042 3284 20,
1061 3203 1092 3266 6.
1110 3200 1303 3264 Scholiastes'

236 3310 385 3396 Apollon.
398 3309 433 3389 1,
452 3307 535 3389 231,
555 3305 826 3389 Theodamantis,
850 3306 906 3372 filii
923 3307 1082 3398 Dryopis,
1100 3305 1203 3370 filium
1216 3304 1301 3369 lacit.

236 3415 438 3478 Hellanicum
456 3405 563 3478 tamen
582 3413 828 3494 Tlteomenitsm,
843 3413 1095 3478 Theodamantis
1110 3411 1230 3494 filium,
1245 3433 1303 3498 pa·

236 3537 319 3582 trem
336 3521 440 3584 iacere
456 3535 563 3601 notat3
579 3520 636 3584 ubi
649 3535 756 3584 tamen
769 3522 880 3586 Hoelz.
892 3521 987 3610 legit,
1001 3531 1155 3601 Θιιομένητι
1168 3528 1222 3580 ἀντὶ
1234 3535 1302 3580 Θειο-

234 3633 366 3707 δάμαντος
380 3641 460 3690 καλεῖ.
480 3626 570 3692 Idem
584 3627 692 3692 Sclrol.
702 3627 744 3691 ad
754 3651 799 3692 vs.
818 3651 911 3715 1207,
926 3639 1069 3708 Θιιομένους
1084 3649 1122 3690 ex
1139 3623 1304 3688 Hellanico

238 3735 380 3822 profert,
393 3733 450 3797 ubi
468 3733 562 3797 etiam
582 3733 684 3798 varias
701 3735 876 3798 sententias
890 3733 994 3798 affert.
1007 3732 1194 3797 Antoninus
1208 3729 1304 3793 Libe·

237 3838 294 3902 ral.
312 3861 381 3927 cap.
408 3839 468 3922 26,
501 3837 605 3922 Ceycis
632 3835 733 3902 lilium
758 3839 844 3902 facit.
880 3837 926 3900 [ie
951 3861 1017 3924 quo
1041 3836 1159 3900 certius
1183 3831 1305 3922 aliquid

238 3959 421 4022 constaret,
445 3944 471 4006 si
488 3958 669 4032 superesset
686 3941 818 4006 Hesiodi
837 3941 917 4006 liber
930 3941 972 4004 de
985 3949 1081 4010 κήυκος
1095 3951 1187 4021 γάμῳ,
1206 3960 1306 4026 quem

231 4049 341 4116 laudat
357 4049 526 4114 Sclroliast.
539 4049 691 4138 Apollon.
704 4048 745 4113 ad
761 4049 816 4112 lib.
830 4050 863 4129 1,
883 4069 983 4133 ¹²903
998 4063 1031 4110 et
1046 4047 1090 4111 ita
1104 4045 1217 4109 fuisset
1230 4067 1306 4114 sun-
