3002 4680
255 339 295 404 82
385 333 435 396 [N
465 333 551 396 Ltss.
576 327 776 394 SEXTUM
807 329 1195 394 ARGONAUTICON

251 453 342 522 igitur,
355 447 402 519 qui
416 445 481 498 mihi
498 446 583 515 legem
603 441 693 516 scripsi
713 461 792 507 eam,
811 453 913 496 utnon
935 442 986 496 nisi
999 443 1125 516 proprio,
1143 441 1217 515 qnod
1230 443 1322 508 aiunt,

252 535 357 599 Marte,
370 541 445 584 eruto
456 541 603 598 utcumque
612 544 690 578 sensu
701 562 709 588 ,
720 537 796 579 notas
809 525 969 581 Harlesiansr
979 525 1091 580 editioni
1104 527 1234 599 subiectus
1242 527 1325 600 inspi-

252 635 355 682 cerem,
376 625 491 667 mentem
512 621 597 684 poetse
616 609 766 682 percepisse
782 609 819 663 sic
837 621 909 663 recte
926 609 993 664 mibi
1007 609 1135 664 videbar:
1149 609 1323 682 Magnorum

252 702 362 773 strepitu
379 698 450 751 venti
472 697 498 749 in
522 695 606 768 ipsius
616 693 696 746 AEolii
707 695 777 746 antri
795 692 888 746 limine
905 692 940 746 ed
954 692 1070 748 cletbms
1086 693 1324 765 (elaustra,Virgil,

252 781 356 838 AEueid.
371 781 402 848 1,
418 781 471 848 ⁵6)
490 780 616 849 frangunt
639 795 713 844 sese,
735 789 879 849 premunt,
902 787 1016 850 urgent,
1039 778 1104 831 ulter
1126 778 1239 831 alterum
1259 796 1322 849 pro·

251 868 356 930 turbet,
369 865 403 919 de
418 884 450 918 eo
463 862 643 926 decertantes,
657 879 739 933 quem
752 861 840 933 pelugi
851 861 957 927 rabies,
972 879 1052 933 quem
1066 859 1177 928 nubile,
1189 879 1323 934 quemque

252 963 378 1024 sequatur
387 949 431 1002 iile
440 947 496 1000 dies
508 985 516 1009 ‚
526 945 554 998 h.
571 964 593 997 e.
607 945 653 997 cui
666 944 718 997 boc
729 943 773 998 die
787 956 913 1017 pereunt,
926 946 1123 1017 obtemperent,
1135 945 1231 999 cedunt
1240 945 1323 999 metis

253 1047 279 1089 et
297 1035 402 1100 nubile,
416 1032 459 1085 oui
481 1027 642 1083 concedatur
662 1027 745 1080 meris
766 1029 795 1081 in
816 1027 911 1080 fluetus
930 1027 1040 1082 tollendi
1057 1027 1194 1100 nubesque
1211 1029 1324 1100 cogendi

254 1131 385 1191 potestus,
399 1115 459 1174 rel,
472 1111 545 1187 quod
564 1111 634 1165 idem
648 1124 700 1175 est,
715 1111 761 1182 qui
778 1111 831 1164 hoc
846 1110 890 1165 die
906 1130 954 1183 per
967 1110 1051 1166 meria
1065 1123 1091 1165 et
1105 1129 1192 1166 serem
1207 1110 1325 1165 domine·

254 1216 298 1255 tur
307 1228 327 1253 n.
339 1201 383 1255 stc
396 1199 559 1270 Wagnerus.
574 1197 660 1248 Recte.

289 1352 324 1402 V.
339 1351 399 1422 367.
411 1351 456 1400 Ille
472 1351 555 1398 inrum
573 1349 598 1396 irr
618 1346 697 1413 clypei
712 1345 870 1412 septemplicis
880 1345 1000 1410 improbus
1013 1347 1092 1395 orbern

405 1434 509 1482 Aristar.

255 1552 330 1622 Virg.
343 1555 405 1604 AEn.
418 1549 475 1610 xi,
487 1548 537 1616 890
547 1565 554 1598 ε
566 1551 663 1597 Aristar
672 1548 697 1595 in
706 1558 802 1612 portas.

289 1688 323 1741 V.
335 1687 396 1757 378.
409 1691 487 1754 Quum
501 1686 589 1751 regina
598 1719 606 1742 ‚
616 1699 716 1749 gravem
730 1682 801 1730 nodis
818 1697 927 1747 aramque
943 1681 1045 1730 securim

401 1771 596 1837 Congemirrnrrs,
607 1778 703 1832 partem
718 1763 804 1830 sapitis
820 1767 951 1830 galeaeque
960 1763 1056 1830 ferinos

404 1853 521 1919 Dissipat.

250 1984 282 2036 In
295 1978 427 2052 Wagneri
442 1973 647 2034 commentario,
660 1991 687 2024 v.
704 1971 773 2042 878,
787 1991 846 2044 pag.
862 1971 911 2036 36,
926 1991 973 2044 pro
988 1975 1179 2041 congeminata,
1193 1975 1250 2045 lege
1266 1996 1324 2026 con·

249 2068 370 2136 geminat.
381 2091 416 2102 -
427 2064 561 2126 Galeoeque
569 2057 670 2126 ferinae.
683 2053 815 2108 Genudri
831 2056 906 2126 galee
916 2075 931 2109 e
940 2056 1024 2110 ferina
1040 2057 1108 2128 pelle
1119 2059 1240 2112 confecta
1251 2071 1322 2124 erat,

252 2141 479 2219 quemadmodum
490 2140 570 2212 galeso
583 2136 723 2210 dequibus
737 2139 882 2210 Virgilius,
896 2141 957 2193 AEn.
968 2139 1037 2202 Vll,
1053 2141 1104 2194 688
1114 2158 1121 2194 :
1130 2143 1264 2211 firlrosqne
1274 2148 1325 2212 lupi

254 2233 357 2300 depelle
363 2231 481 2295 galnos,·
496 2225 557 2276 AEn.
569 2223 625 2284 xl,
638 2222 702 2275 680:

403 2366 593 2382 .............
609 2341 681 2394 eaput
690 2333 773 2394 ingens
788 2331 836 2376 oris
846 2331 922 2378 bintus

403 2411 431 2456 Et
441 2408 506 2454 mele
518 2417 596 2454 texere
606 2406 658 2468 lupi
670 2422 724 2452 oum
736 2405 847 2453 dentibus
859 2405 927 2451 albis.

289 2549 323 2600 V.
338 2547 398 2600 381.
408 2547 455 2594 Ille
470 2545 511 2594 diu
529 2542 642 2608 conjectis
661 2542 752 2611 suffieit
767 2537 965 2610 itastis—Virg.
981 2541 1042 2592 AEn.
1053 2541 1109 2604 lx,
1124 2541 1175 2592 810
1187 2559 1193 2592 :
1204 2559 1250 2591 nec
1269 2543 1321 2608 sus-

243 2635 304 2703 ficit
317 2633 386 2680 umbo
402 2629 499 2678 lstibrrs.

288 2757 323 2806 V.
337 2752 395 2806 383.
407 2755 473 2802 Turro
491 2751 552 2810 mit,
575 2761 602 2798 ut
619 2749 708 2798 montis
727 2751 808 2805 inuis,
829 2759 873 2796 nur
890 2760 916 2796 ut
932 2748 1048 2796 maehina
1063 2745 1126 2794 muri
1134 2781 1141 2802 ,

404 2839 464 2901 Ques
483 2834 587 2901 scopulis
604 2833 758 2897 trabibusque
775 2833 816 2881 diu
835 2830 994 2898 confectaque
1003 2828 1115 2899 flammis

401 2920 528 2972 Prueubuit
543 2931 639 2976 tomen,
662 2929 736 2982 utque
754 2917 878 2984 ingentem
894 2916 998 2981 propulit
1020 2915 1112 2963 urbem.

254 3053 331 3105 Hanc
342 3047 441 3103 Valerii
452 3045 674 3118 comparutionem
685 3045 802 3098 imitatus
812 3055 851 3096 est
860 3042 958 3096 Statius
968 3079 975 3104 ,
987 3041 1073 3094 Theb.
1087 3041 1126 3093 lx
1138 3079 1146 3104 ,
1158 3039 1208 3106 554
1219 3059 1225 3092 :

307 3181 315 3196 ·
413 3192 604 3206 .............
617 3159 665 3205 ruit
676 3158 739 3204 hund
751 3158 797 3204 ulio
807 3171 877 3217 quam
888 3156 950 3202 estu
961 3154 1057 3215 ingone

407 3233 502 3288 Turris,
516 3233 557 3281 ubi
565 3234 701 3282 innumeros
710 3231 803 3294 penitus
815 3239 923 3291 quassate
931 3245 975 3292 per
986 3229 1045 3277 intus

407 3309 510 3363 Labitur,
525 3308 694 3369 effractamque
705 3307 781 3368 aperit
793 3305 920 3352 victoribus
934 3306 1024 3354 urbem.

252 3431 285 3483 ln
307 3430 422 3480 maehina
443 3432 519 3491 rrruri,
541 3428 655 3499 respexit
681 3427 769 3477 forsan
790 3422 913 3478 Valerius
936 3424 970 3478 nd
995 3425 1065 3477 hunc
1088 3423 1193 3494 Virgilii
1214 3423 1320 3486 locum,

252 3517 312 3567 AEu.
328 3513 378 3576 lv,
395 3513 446 3565 88:

405 3639 865 3656 ..............................
879 3607 995 3666 minnqns

401 3685 527 3729 Mororum
536 3681 643 3741 ingentes
652 3713 659 3733 ,
673 3689 810 3741 equstsque
821 3681 925 3726 metria
936 3679 1000 3727 eoelo.

287 3805 321 3855 V.
333 3803 395 3874 394.
407 3803 504 3852 Diluvio
526 3801 572 3849 tali
580 3835 587 3858 ,
599 3801 750 3866 paribusque
767 3801 927 3850 Ariasmenus
946 3809 1018 3863 urget

407 3885 534 3942 Excidiis,
555 3885 622 3933 nullo
644 3884 741 3950 rapiens
760 3885 899 3935 discrimine
916 3896 1010 3930 currus.

254 4036 265 4057 ι
280 4011 373 4062 Diluvio
389 4009 444 4057 rnli.
469 4005 527 4056 Hoc
546 4001 716 4074 reprehendit
737 4001 880 4056 Dorvillius
905 3997 939 4052 ed
960 3996 1148 4060 Cbsfflonem,
1171 4011 1231 4066 pag.
1252 3993 1320 4059 552,

252 4091 292 4144 ed.
308 4091 380 4160 Lips
391 4105 449 4138 eum
462 4085 496 4137 ob
507 4101 631 4150 causum,
642 4085 714 4155 quod
728 4086 833 4157 proprio
846 4097 872 4136 et
882 4081 1062 4154 metaphorica
1072 4079 1171 4134 locutio
1183 4078 1324 4132 miscentur
