2994 4702
265 340 328 406 336
645 341 943 410 CATALOGUS

264 484 362 550 quam
373 462 482 543 fratri3
500 461 557 526 sed
571 477 604 526 et
614 460 712 542 hujus
726 463 835 528 nullus
848 466 933 530 inter
943 470 1145 555 Argonautas
1161 469 1330 552 meminit;

263 568 321 634 sed
334 569 404 632 sine
417 567 519 632 dubio
530 583 703 657 corruptus
715 586 763 633 est
776 571 867 635 locus
881 572 1091 660 Apollodori,
1103 571 1245 640 etsimul
1259 577 1330 665 ipse

172 737 174 740 ,
262 691 376 739 auctor
398 674 515 738 erravit
534 698 542 739 :
562 673 736 764 legendum
761 677 847 740 enim
874 693 922 742 est
939 677 1073 762 Ῐέλμινοςς
1092 695 1130 744 ut
1153 681 1217 760 jam
1241 699 1330 746 recte

262 780 446 846 emendavit
460 783 509 846 vir
522 780 731 848 doctissimus
740 783 823 848 Tho.
838 783 919 848 Gale
926 808 940 866 ,·
953 787 1029 874 quia
1041 809 1119 851 vero
1134 811 1217 876 saepe
1231 789 1329 853 etiarn

261 890 314 954 alii
328 889 512 980 Mythologi
525 873 746 954 conbrderunt
761 891 919 979 quosdam
937 893 1072 976 heroas,
1087 897 1145 983 qui
1158 895 1329 986 Argonau-

263 995 331 1058 tin
346 993 543 1083 expeditioni
564 995 802 1078 interfuerunt,
826 998 983 1061 cumillis
1004 999 1061 1086 qui
1075 999 1219 1079 Trojano
1241 1001 1327 1065 bello

263 1100 391 1164 Graecos
402 1099 613 1182 adjuverunt,
629 1100 847 1190 Apollodorus
861 1125 1028 1190 perperam
1043 1105 1104 1168 hos
1118 1104 1199 1170 filios
1216 1107 1327 1171 Martis

261 1205 430 1294 adscripsit
449 1207 662 1297 Argonautis,
686 1229 769 1295 quos
790 1209 969 1290 Homerus,
991 1209 1080 1273 Iliad.
1104 1211 1159 1275 lib.
1179 1213 1227 1294 ll,
1249 1211 1327 1294 516,

262 1314 347 1377 inter
360 1313 507 1396 Graec0S,
523 1313 581 1402 qui
605 1314 638 1376 in
655 1314 783 1394 Trojam
801 1315 1033 1399 militaverunt,
1056 1318 1168 1398 refert,
1186 1341 1268 1405 quos
1287 1341 1328 1382 ex

167 1485 174 1512 l
262 1419 471 1484 Orchomeno
486 1420 619 1508 Minyeo
633 1419 759 1484 venisse
776 1419 872 1502 dicit,
891 1421 981 1487 unde
992 1423 1077 1486 forte
1096 1423 1181 1486 inter
1201 1423 1327 1513 Minyas

261 1525 370 1590 retulit
377 1525 613 1615 Apollodorus,
629 1526 688 1590 ubi
702 1525 777 1590 vide
796 1527 944 1592 Eustath.
957 1527 1106 1592 Amelecn
1119 1531 1249 1618 Hygino
1259 1553 1327 1604 me·

262 1648 423 1716 moratur;
437 1631 493 1696 sed
503 1648 695 1720 corruptum
708 1647 741 1696 et
752 1633 902 1722 ignotum
917 1655 1037 1697 nomen
1055 1651 1123 1715 est,
1140 1633 1228 1699 unde
1246 1635 1327 1700 nihil

262 1740 400 1820 extric03
423 1755 575 1826 praeterea
591 1739 645 1802 bic
665 1738 817 1804 Almenus
841 1739 962 1804 dicitur
983 1755 1078 1804 natus
1097 1715 1324 1828 exAstyoclte,

263 1845 389 1908 Actoris
403 1843 481 1924 filia,
499 1844 557 1931 qui
570 1843 714 1908 diversus
726 1843 768 1907 ab
777 1843 919 1927 Amore,
941 1845 1075 1909 Menoeti
1091 1861 1192 1933 patre.
1206 1845 1326 1910 Home-

262 1972 317 2014 rus
334 1950 422 2014 enim
440 1952 565 2033 Atticas,
588 1951 654 2014 sive
679 1951 761 2022 ltro,
776 1949 879 2014 filium
892 1966 1003 2032 vocat,
1021 1973 1122 2038 quum
1147 1953 1215 2031 ejus
1237 1951 1325 2040 Myr·

262 2050 429 2117 midoncm
448 2053 548 2116 fuisse
563 2067 688 2140 patrem
703 2050 891 2116 viderimus.
916 2052 1131 2142 Etymologici
1148 2067 1256 2116 tamen
1270 2077 1326 2118 an·

261 2169 333 2217 ctor
351 2153 385 2217 in
408 2153 495 2234 faros
506 2201 515 2236 ,
528 2153 653 2248 Actoris
674 2167 799 2240 patrem
813 2151 880 2223 ltus
897 2153 983 2217 facit.

306 2363 596 2433 AMPHIARAUS.
615 2361 677 2426 Hic
701 2363 741 2426 ab
758 2361 958 2451 Apollodoro
975 2379 1194 2444 memoratur,
1222 2387 1323 2451 quum

261 2475 313 2539 alii
331 2493 446 2536 omnes
462 2491 539 2533 eum
556 2467 642 2532 bello
656 2464 814 2532 Thebano
831 2469 893 2532 sub
904 2467 1041 2531 Adrasto
1057 2469 1240 2532 interfuisse
1257 2491 1325 2532 nar·

261 2595 344 2644 rent.
364 2579 454 2642 Inter
473 2590 621 2642 auctores
636 2573 782 2663 perditos
798 2573 963 2638 Deiochus
983 2573 1078 2637 etiarn
1092 2575 1324 2661 Amphiaraum

261 2683 431 2750 adcensuit
452 2679 663 2772 Argonautis,
680 2695 761 2744 teste
777 2679 954 2745 Scholiaste
970 2679 1122 2767 Apollon.
1141 2681 1175 2760 l,
1195 2679 1273 2766 139,
1291 2697 1325 2744 et

260 2791 423 2858 censuisse
440 2791 594 2855 Senecam
611 2787 783 2877 Tragicum
797 2786 831 2849 in
851 2783 938 2850 Med.
955 2783 1037 2868 656,
1057 2784 1149 2846 multi
1165 2785 1326 2875 interpre-

261 2915 332 2964 tum
350 2896 456 2962 mirati
484 2898 596 2960 fuere:
610 2893 690 2982 quid
706 2893 794 2958 enim
809 2893 1026 2980 Amphiarao,
1045 2891 1156 2970 aiunt,
1174 2914 1248 2956 cum
1263 2893 1325 2956 Ar·

256 3005 430 3098 gonautis?
457 3003 516 3068 sed
542 3002 658 3066 celebr.
686 2995 871 3064 Gronovius
889 3015 976 3063 recte
993 2995 1151 3079 ostendit,
1171 2998 1247 3063 licet
1271 2999 1324 3062 alii

259 3137 335 3178 cum
364 3112 506 3174 referant
535 3108 622 3171 inter
650 3110 873 3194 Argonautas,
895 3105 1049 3168 Senecam
1076 3119 1184 3168 tamen
1213 3103 1324 3168 ibide

260 3219 376 3305 Mopso
393 3237 498 3305 agere.
516 3214 605 3276 Inter
621 3225 790 3274 venatores
805 3210 874 3297 apri
890 3208 1058 3297 Calydonii
1071 3207 1211 3273 refertur
1225 3233 1243 3274 a
1256 3209 1323 3274 Na·

259 3344 349 3402 sone,
369 3322 446 3385 Met.
465 3318 560 3399 Vlll,
580 3315 661 3403 3173
682 3314 849 3380 manifeste
866 3313 962 3378 etiam
980 3315 1116 3397 Statius,
1130 3315 1232 3379 Theb.
1252 3315 1322 3394 lll,

261 3426 341 3509 516,
352 3426 511 3491 Colcbicae
519 3422 641 3487 militie
652 3419 838 3486 interfuisse
850 3419 1085 3509 Amphiaraum
1095 3420 1191 3485 docet
1201 3469 1209 3503 ,
1221 3441 1322 3508 quum

259 3533 394 3595 comita
412 3527 610 3617 Melampodi
628 3525 880 3615 respondentem
897 3523 1041 3590 inducit:

405 3723 499 3739 ......
523 3683 644 3756 equidem
659 3683 739 3749 varii,
752 3696 834 3754 pater,
847 3684 935 3736 omina
953 3681 1042 3735 Pboebi

399 3775 474 3846 Soepe
488 3773 553 3839 tuli,
566 3773 620 3843 jam
632 3785 696 3825 tunc
709 3770 793 3842 prima
804 3789 887 3843 quum
899 3771 971 3842 pube
983 3770 1110 3823 virentem

399 3861 536 3917 Semideot
549 3861 618 3914 inter
630 3861 710 3934 pinus
724 3879 767 3914 me
778 3859 905 3913 Thessala
916 3877 991 3931 reges

402 3952 531 4015 Duceret,
545 3961 593 4002 etc.

276 4113 343 4174 ¹¹1ae
357 4109 453 4174 verba
472 4109 555 4174 male
572 4107 719 4172 Lutatius
737 4101 932 4192 Melampodi
948 4103 1073 4167 tribuit.
1094 4101 1153 4166 llis
1176 4099 1323 4164 adductis
