2994 4702
532 381 956 446 ARGONAUTARUM.
1207 383 1266 448 331

211 503 410 568 Memoratur
427 520 460 568 et
474 505 629 593 Hiopasus
643 505 729 569 inter
743 503 826 570 filios
841 503 970 592 Pelopis
992 527 1009 566 a
1033 503 1140 568 Schoi.
1157 505 1268 592 Eurip.

213 611 316 674 Orest.
334 608 373 692 5,
390 625 423 672 et
447 609 490 674 ita
517 626 604 674 recte
629 612 884 699 Peloponnesias
902 623 1005 689 esset,
1036 608 1109 674 vide
1132 610 1214 672 infra
1234 611 1268 674 in

211 715 325 804 lpaito.
334 713 398 780 Sed
413 715 493 779 alius
506 717 678 805 scrupulus
694 717 837 797 injicitur
848 741 887 781 ex
900 739 955 794 eo,
972 714 1062 804 quod
1075 717 1193 804 Augen
1205 715 1268 779 fra·

211 838 260 886 ter
276 821 403 886 dicatur
419 821 472 886 hic
485 825 587 886 Actor
596 820 816 912 Apollodoro,
831 821 886 886 lib.
900 823 949 904 11,
966 843 1038 910 pag.
1056 842 1132 901 112,
1145 821 1271 908 Augeas

211 950 288 992 vero
318 926 401 992 filius
426 927 499 992 Iutta
523 928 625 1018 (qnod
646 929 793 1018 imperite
815 929 974 1017 interpres
1003 925 1160 1010 reddidit,
1181 922 1273 1012 filius

213 1033 314 1114 Helii,
330 1033 418 1122 apud
434 1033 600 1116 eumdem,
620 1035 675 1100 lib.
688 1037 721 1117 I,
737 1059 808 1126 pag.
816 1040 881 1118 ¹42,
899 1058 1001 1124 quum
1017 1033 1210 1099 vertendum
1230 1035 1271 1098 sit

198 1133 297 1220 filius
315 1139 408 1218 Solis,
423 1157 460 1204 ut
473 1157 560 1234 recte
572 1142 707 1206 Allatius
721 1140 754 1204 in
772 1146 948 1230 Anonymo
966 1140 1007 1206 de
1024 1141 1087 1204 XII
1104 1139 1270 1224 laboribus
1319 1215 1323 1226 .

211 1244 375 1327 Herculis,
395 1267 464 1334 cap.
480 1243 516 1327 5,
534 1269 605 1336 pag.
624 1246 707 1334 329,
730 1247 787 1310 ubi
815 1269 933 1337 graece,
959 1260 1022 1318 Παῖς
1045 1246 1157 1334 Ἡλίου),
1174 1263 1207 1311 et
1228 1247 1268 1310 ab

210 1349 491 1436 apollon.lth.1,
521 1373 600 1438 172,
619 1349 729 1434 heiste,
754 1351 810 1416 ubi
839 1352 1031 1416 scholiastes
1057 1366 1165 1431 notat,
1192 1373 1267 1414 enm

210 1453 341 1540 quidem
359 1457 458 1546 vulgo
475 1455 597 1522 dictum
614 1458 712 1523 fuisse
728 1459 809 1523 Solis
826 1457 946 1539 filium,
971 1456 1028 1522 sed
1044 1479 1154 1521 revera
1169 1455 1269 1522 fuisse

209 1557 310 1624 filium
328 1561 523 1626 Phorbantis
540 1587 579 1628 ex
595 1564 771 1653 Hyrmine,
787 1564 879 1629 Nelei
890 1563 969 1644 fiiia3
986 1580 1018 1628 et
1030 1563 1155 1628 Pausan
1170 1562 1268 1644 lib.V,

213 1688 247 1744 1,
265 1664 343 1730 dicit
358 1665 440 1730 male
449 1665 607 1755 quosdam
622 1690 696 1732 eum
714 1669 815 1750 insito,
826 1669 900 1732 Elei
914 1667 1016 1734 filium
1033 1666 1147 1750 i'a'cere,
1164 1690 1267 1755 quum

210 1771 306 1835 fuerit
319 1771 407 1854 ἡλίου,
423 1773 525 1854 Solis3
541 1775 600 1838 ubi
616 1776 711 1840 etiam
727 1779 848 1840 Actora
861 1775 1046 1865 indigenam
1059 1775 1134 1839 facit
1150 1773 1267 1856 Elidis,

208 1892 241 1940 et
259 1875 360 1940 filium
382 1877 589 1945 Phorbantis.
607 1880 640 1945 Si
664 1904 741 1972 ergo
764 1882 863 1946 frater
889 1881 1016 1947 Actoris
1041 1885 1169 1968 Augeas
1187 1881 1269 1962 fuit,

212 1985 309 2046 Actor
324 1983 420 2046 etiam
441 1981 524 2049 filius
540 1985 735 2051 Phorbantis
759 1987 873 2052 debuit
889 2011 973 2070 esse;
993 1987 1050 2053 sed
1067 1987 1268 2051 Phorbantes

209 2088 304 2152 etiam
321 2087 436 2154 diversi
451 2108 672 2158 memorantur
687 2116 706 2157 a
724 2093 932 2184 Mythologis.
953 2095 1014 2159 Hic
1029 2117 1105 2174 veyo
1123 2093 1267 2158 Phorbas

210 2193 343 2260 Olenius
355 2197 453 2262 fuisse
462 2197 592 2264 videtur
602 2223 610 2264 :
621 2223 695 2265 nam
705 2200 852 2266 Eustath.
863 2199 904 2265 ad
917 2202 1013 2268 Hom.
1027 2200 1115 2265 Iliad.
1124 2201 1173 2281 ΙΙ,
1186 2199 1266 2281 616,
1345 2197 1351 2208 ¹

209 2297 289 2364 dicit
303 2301 488 2370 Phorbanta
506 2327 545 2370 ex
563 2306 719 2394 Hyrmine
732 2306 745 2394 (
756 2329 853 2396 quam
869 2307 975 2372 Schol.
995 2307 1100 2395 Apoll.
1118 2305 1211 2370 Nelei
1230 2303 1267 2368 fi-

210 2406 284 2468 liam
302 2407 406 2473 facere
420 2410 519 2475 modo
535 2410 712 2500 vidimus),
729 2413 887 2478 Alectoris
905 2434 1030 2492 sorore,
1045 2429 1077 2476 et
1092 2411 1171 2501 Epei
1188 2409 1267 2492 filia,

210 2514 385 2601 suscepisse
399 2517 543 2606 Augeam
561 2531 593 2582 et
607 2521 746 2598 Actora,
768 2535 801 2583 et
823 2541 862 2583 ex
875 2522 990 2584 Actora
1006 2535 1097 2582 natos
1119 2519 1267 2582 Cteatum

210 2631 242 2680 et
258 2616 429 2704 Eurytum.
447 2618 640 2686 Phorbantis
655 2623 752 2686 etiam
773 2621 875 2686 filium
895 2623 971 2687 facit
988 2611 1154 2712 Hyginus,
1177 2638 1217 2687 ut
1233 2625 1266 2687 in

211 2743 251 2785 eo
268 2721 418 2788 vidimus.
443 2725 627 2790 Phorbanta
645 2751 723 2792 vero
740 2729 865 2817 origine
883 2729 981 2792 fuisse
999 2728 1141 2816 Lapithae
1164 2727 1266 2794 filium

211 2826 460 2911 etOrsinomes,
473 2844 506 2894 et
518 2833 713 2896 concessisse.
727 2833 884 2914 Olenum,
895 2850 929 2898 et
943 2835 984 2898 ab
1001 2834 1159 2916 Alectore,
1170 2833 1272 2900 Elidis.

211 2951 305 3018 rege,
328 2931 362 2994 in
387 2935 587 2998 consortium
610 2936 699 3024 regni
725 2935 882 3001 adscitum
909 2954 1067 3002 memorat
1090 2937 1186 3002 Diod.
1205 2937 1267 3002 Sic.

214 3033 268 3098 lib.
279 3035 334 3118 IV,
342 3059 375 3125 p.
387 3037 459 3124 189,
470 3055 502 3103 et
511 3039 607 3121 hujus
620 3040 768 3105 meminit
781 3041 876 3105 Ovid.
886 3042 919 3105 in
931 3041 1139 3131 Lapitharum
1149 3065 1268 3131 pugna,

214 3139 346 3207 Metam.
358 3143 444 3226 XII,
464 3142 546 3227 3223
564 3163 675 3235 postea
694 3149 820 3212 transiit
832 3148 865 3212 in
879 3147 1052 3229 Rhodum,
1070 3149 1146 3230 ubi,
1166 3150 1269 3214 insula

211 3271 229 3308 a
246 3249 450 3338 serpentibus
463 3267 614 3340 purgata,
633 3270 742 3342 postea
758 3265 814 3331 tq·
828 3263 933 3334 ἡροῐκὰς
952 3262 1044 3335 τιμὰς,
1061 3269 1140 3318 teste
1154 3253 1267 3319 eodem

214 3355 377 3439 Diodoro,
396 3381 467 3448 pag.
481 3359 563 3440 228,
580 3360 636 3425 ubi
648 3377 757 3449 aperte
766 3360 908 3450 Lapithas
924 3360 1026 3442 filius,
1043 3377 1077 3425 et
1091 3361 1124 3424 in
1135 3363 1270 3426 Thessa·

213 3459 251 3522 iia
262 3477 423 3542 moratus,
434 3461 524 3526 sedes
534 3464 715 3552 quaesivisse
724 3481 824 3529 certas
835 3514 844 3547 ,
855 3465 913 3529 ubi
928 3464 1127 3548 consideret,
1138 3466 1268 3532 dicitur.

213 3564 275 3628 Sed
300 3565 462 3632 Meursius
489 3566 530 3632 de
555 3566 691 3651 Rhodo,
720 3570 775 3634 lib.
790 3573 824 3652 l,
843 3593 912 3658 cap.
934 3571 964 3647 5,
984 3569 1024 3636 de
1050 3571 1111 3636 hac
1136 3572 1271 3637 historia

212 3693 328 3759 agens,
345 3671 396 3736 ilia
414 3672 510 3736 verba
526 3695 563 3736 ex
583 3673 728 3762 Dionysii
740 3675 926 3752 testimonio
944 3675 1080 3758 omittit,
1098 3694 1131 3741 et
1144 3678 1270 3767 Triopae

213 3773 313 3840 lilium
343 3779 440 3842 fuisse
467 3780 599 3861 statuit,
617 3758 655 3844 ei
673 3779 793 3869 Hygini
813 3781 946 3846 Poetico
968 3783 1213 3868 Astronomico;
1239 3802 1272 3849 et

213 3905 285 3945 cnm
305 3884 418 3948 Carem
437 3883 529 3967 iacit,
549 3883 637 3949 unde
660 3888 933 3974 apparetVetercs
958 3888 1146 3954 confudisse
1163 3890 1271 3978 plures

214 3988 425 4056 Phorbantas.
451 3991 533 4056 Nam
551 4009 583 4057 et
607 3992 742 4081 Triopas
761 3995 868 4082 plures
886 3997 1034 4079 suerunt3
1048 4013 1080 4060 et
1105 3997 1190 4061 inter
1214 4021 1270 4062 eos

214 4095 308 4159 etiam
334 4096 520 4182 Thessalus,
539 4117 576 4163 ut
602 4116 634 4162 ct
652 4099 797 4166 Phorbas
821 4118 888 4166 erat
902 4124 909 4166 :
924 4125 996 4166 nam
1023 4102 1270 4168 Perrhaeborum
