2994 4702
472 330 474 338 ’
543 367 931 435 inconsuetus.
1212 369 1275 459 317

243 501 284 566 Et
301 501 409 566 densis
426 503 521 566 funes
538 502 622 567 saxis
638 503 882 586 convolvimus3
898 503 988 568 illine

242 616 360 681 Emisit
378 615 499 698 socios,
520 633 553 681 et
568 639 712 706 quaerere
726 616 821 697 iussit
836 620 931 683 Iason

243 733 296 798 lin
314 731 398 796 eolat
414 731 542 821 ignotas
560 748 751 821 semotaque
767 733 862 798 litora
878 749 979 798 terras

243 846 333 911 Gens
350 847 432 929 ulla,
449 861 482 911 et
500 869 607 912 mores
625 847 801 912 hominum
818 869 1015 938 cognoscere
1034 865 1067 913 et
1083 849 1211 917 urbem.

243 961 366 1026 Verum
383 961 444 1027 illis
458 985 597 1052 propere
612 963 818 1028 venientibus
835 964 930 1030 obvia
945 964 1022 1030 solis

244 1075 344 1158 Filia,
360 1099 458 1164 quam
475 1075 590 1142 dieunt
602 1077 737 1166 proprio
754 1075 795 1141 de
813 1079 948 1143 nomine
965 1077 1101 1162 Cimon,

245 1189 368 1273 Atreis,
392 1191 495 1257 AEetae
508 1192 596 1274 justo
616 1191 736 1257 sociata
749 1191 869 1280 jugali,
1227 1211 1278 1252 ms

166 1355 177 1380 ,
244 1305 351 1389 Quam
368 1305 443 1370 tulit
458 1308 617 1396 Asterope
632 1304 816 1395 splendenti
833 1306 1022 1396 Hyperione
1041 1324 1154 1374 mater.

242 1419 319 1484 llaec
335 1419 436 1510 igitur
453 1443 553 1486 eursu
568 1420 609 1485 ad
624 1421 760 1511 puppim
776 1422 944 1510 pervenit:
960 1439 994 1488 at
1009 1446 1125 1488 omnes

240 1535 390 1622 Inspecta
406 1549 579 1623 stupuere:
596 1557 688 1622 pares
702 1533 744 1598 de
757 1534 878 1611 vertice
895 1557 1029 1602 summo

242 1649 285 1713 Et
301 1647 398 1714 radiis
414 1648 534 1714 similes
554 1649 724 1738 spargebat
740 1671 884 1738 namque
900 1651 1049 1738 capillos,

242 1763 404 1828 Emittens
421 1779 526 1853 gratas
548 1761 732 1851 splendenti
749 1785 887 1852 corpore
905 1761 1059 1830 dammas.

145 1893 148 1898 ’
243 1875 367 1942 Verum
383 1876 440 1942 ubi
459 1876 607 1942 Medeam
624 1877 715 1942 tenui
732 1877 899 1944 velamine.
909 1893 1025 1942 tectam

244 1993 407 2081 Inspexit‚
431 2015 574 2080 namque
593 1991 646 2056 illa
664 2013 762 2082 genas
784 1991 913 2079 pesitus
931 1991 1052 2056 rubore

249 2107 397 2190 vetabat,
414 2105 593 2195 viridisque
608 2103 703 2170 dolor
719 2121 799 2170 tuuc
819 2104 919 2168 eorda
941 2105 1127 2193 premebat,

242 2223 295 2289 Sic
310 2225 406 2306 fatur,
427 2222 565 2313 gemitus
584 2235 666 2285 natae
684 2219 834 2284 miserata
850 2219 1001 2285 latentes:

287 2336 338 2399 ⁸0
357 2337 493 2417 misera,
520 2335 554 2400 in
570 2350 711 2422 quantos
724 2334 802 2415 jecit
818 2349 849 2399 te
865 2333 982 2424 Cypria
995 2335 1116 2403 luctus!
1224 2357 1273 2396 ms

243 2450 313 2514 lam
329 2448 455 2514 facinus
468 2464 612 2513 vestrum
630 2469 697 2512 nou
714 2448 778 2512 ulla
791 2448 969 2514 aboleverit
985 2465 1082 2534 aetas,

246 2559 347 2645 Quod
364 2563 450 2626 senis
467 2561 534 2626 hue
549 2561 707 2652 profugos
723 2561 843 2626 frustra
860 2563 1017 2654 genitoris
1033 2566 1075 2630 ab
1091 2565 1164 2632 ore

241 2673 341 2741 Nunc
354 2676 420 2768 agit
434 2676 479 2740 ob
493 2676 565 2740 eaesi
580 2676 687 2740 fratris
705 2673 881 2741 crudeliter
896 2676 1059 2744 umbram.

243 2790 275 2856 N
276 2813 327 2854 am
346 2811 454 2878 neque
469 2813 527 2854 vos
542 2791 654 2878 patriis
670 2791 717 2854 fas
734 2808 783 2855 est
799 2791 975 2858 succedere
992 2795 1083 2860 tectis

244 2906 390 2972 Pollutos
407 2923 490 2972 tetra
508 2909 631 2995 peccati
649 2908 721 2972 labe
737 2909 893 2991 recentis,

244 3019 287 3085 Ni
300 3022 391 3111 prius
406 3020 548 3084 inrisum
563 3021 676 3085 Maleae
690 3021 725 3085 in
741 3022 837 3086 litore
848 3023 936 3103 justa

244 3135 392 3225 Purgetis
413 3157 473 3224 per
488 3157 576 3200 saera
592 3137 702 3218 nefas,
720 3135 860 3201 libamen
875 3151 908 3200 et
921 3135 1060 3225 Orpbei5

243 3255 352 3341 Atque
365 3251 441 3317 ideo
456 3266 582 3316 nostras
601 3273 772 3340 nunquam
788 3273 847 3317 vos
864 3252 967 3316 visere
982 3267 1083 3317 terras

243 3365 373 3432 Credite
389 3367 537 3432 turbatos
559 3381 624 3430 tarn
641 3381 724 3432 tetro
740 3366 876 3432 crimine
892 3365 1019 3448 sonlis3

245 3479 379 3567 Hospita
395 3478 482 3544 dona
499 3495 607 3544 tamen
626 3479 719 3544 vobis
738 3479 883 3546 studiosa
900 3481 1042 3570 parabo,
1223 3509 1274 3548 ms

245 3591 288 3657 Et
304 3615 444 3682 panem,
468 3609 502 3658 et
519 3594 637 3658 multas
655 3616 782 3674 carnes,
812 3611 845 3661 et
864 3594 972 3660 dulcia
989 3579 1062 3660 vina
1075 3627 1097 3660 ι.

289 3708 342 3774 Sic
356 3709 418 3792 ait,
441 3725 475 3775 et
487 3726 574 3774 retro
591 3731 745 3774 conversa
761 3725 830 3774 est:
844 3731 919 3776 vasa
935 3707 993 3774 sed
1008 3709 1110 3800 ipsam

245 3823 285 3886 ln
299 3821 439 3888 mediam
456 3825 608 3914 puppim,
624 3841 806 3913 potusque,
823 3813 1132 3914 cibique'feruntur.

246 3938 289 4003 Et
300 3939 376 4004 tulit
391 3940 470 4004 bine
487 3957 602 4004 ventus
624 3961 780 4029 properos
797 3963 815 4004 a
830 3963 941 4030 puppe
955 3941 1127 4008 secundus.

246 4038 408 4118 Soliimus
426 4053 491 4124 hoc
505 4054 605 4144 igitur
620 4071 730 4120 tensos
749 4053 789 4120 de
807 4054 901 4119 litore
916 4055 1009 4120 funes
1022 4105 1031 4138 ,
1225 4083 1276 4124 na·
