3006 4676
234 425 295 490 292
674 401 867 470 oerum
951 377 953 382 ’

277 535 360 596 Cum
377 531 497 595 cithara
521 549 652 621 argutos
668 533 802 597 Chircni
820 557 986 624 opponere
1000 549 1124 600 cantus.

276 653 316 714 At
336 647 416 712 mihi
434 671 500 710 non
517 647 590 710 ideo
607 670 793 738 persuasum
814 665 881 715 est:
903 672 1043 736 namque
1060 649 1179 714 rubore

276 763 430 826 Perfusus
442 764 569 844 juvenis
588 765 672 828 senis
685 765 821 828 aemulus
837 787 906 845 esse
919 763 1062 844 verebar,
1261 782 1301 827 ⁴0⁵

274 881 346 966 lpse
365 901 461 941 senex
479 877 585 942 donec
603 879 737 966 cupiens
753 886 950 969 ‘cantansque
967 880 1072 968 coegit

274 992 415 1055 lnvitum
437 992 566 1055 alternis
584 991 725 1056 modulis
745 991 943 1056 contendere
962 991 1095 1056 Chiron.

317 1107 483 1195 Increpuit
499 1107 588 1194 prior
604 1128 681 1196 ergo
697 1108 764 1196 lyra
778 1109 959 1172 Centaurus
973 1107 1113 1188 eburna,

275 1225 447 1310 Quamque
464 1223 530 1285 suis
549 1237 674 1310 gestans
691 1222 840 1285 manibus
859 1223 1003 1310 porrexit
1017 1221 1167 1287 Achilles.

275 1339 316 1400 Et
332 1337 434 1418 canit,
454 1353 491 1399 ut
515 1337 720 1399 suerintnon
740 1343 834 1423 aequo
857 1352 960 1399 marte
977 1336 1100 1399 feroces
1223 1361 1227 1368 ·
1262 1357 1301 1398 41⁰

272 1455 299 1516 Α
314 1452 455 1540 Lapithis
469 1452 555 1532 justa
574 1450 727 1534 Centauri
747 1466 853 1514 morte
870 1450 1046 1538 perempti,

272 1569 315 1632 Et
332 1582 453 1630 temere
467 1563 599 1630 Alciden
617 1587 712 1629 ausos
730 1565 910 1653 irrumpere
929 1581 1043 1629 contra

273 1685 311 1746 ln
331 1682 457 1746 Pholoe
474 1702 652 1770 pugnasse,
680 1702 770 1744 mero
787 1680 924 1746 faciente
942 1681 1078 1744 furores.

318 1799 374 1861 Ast
391 1819 453 1886 ego
469 1813 559 1878 tum,
574 1796 695 1859 citham
710 1812 784 1884 post
799 1796 889 1859 illum
906 1819 944 1858 ex
960 1791 1076 1859 ordine
1089 1809 1232 1883 sumpta,

271 1909 465 1976 Mellissuum
481 1932 637 1974 resonans
652 1908 743 1973 emisi
766 1925 899 1998 gutture
917 1924 1059 1973 cantum.
1259 1925 1299 1972 4¹⁵

273 2025 437 2114 Nigrantis
454 2041 533 2090 tunc
550 2047 628 2113 ergo
642 2023 751 2087 Chaus
767 2022 973 2112 praediximus
988 2024 1166 2112 hymnum,

273 2142 318 2206 Ut
334 2164 488 2206 conversa
500 2142 674 2220 elementa,
685 2132 852 2228 ¹polusque
866 2141 1015 2229 apparuit
1030 2141 1183 2222 borrens;

278 2255 444 2344 Quodque
466 2277 568 2344 genus
589 2255 684 2318 rastis
702 2254 814 2337 terris,
832 2255 1001 2345 pelagique
1016 2254 1232 2343 profundum3

274 2369 476 2434 Consiliout
494 2367 637 2459 prudens
657 2385 754 2456 atque
777 2369 1019 2456 antiquissimus
1035 2370 1154 2435 horum

272 2487 475 2556 Cunctalsuo
491 2483 655 2572 generavit
671 2507 774 2566 amor,
792 2485 927 2548 secrevit
945 2502 977 2548 ct
998 2487 1082 2573 ipsa;
1259 2514 1299 2556 42.

272 2600 515 2688 Saturnumque
532 2622 677 2688 gravem,
697 2600 880 2686 summique
896 2617 935 2663 ut
952 2599 1093 2688 denique
1109 2600 1176 2664 caeli

273 2713 436 2802 Excepere
452 2713 563 2777 Jovem
581 2712 696 2802 regalia
712 2729 837 2801 sceptra
855 2727 1032 2777 tonantem.

272 2827 515 2915 Cantabamque
534 2849 636 2915 genus
653 2827 827 2908 juvenum,
843 2844 876 2890 et
892 2826 1059 2906 insomne
1076 2826 1230 2910 deorum,

272 2943 457 3032 Pugnacem
474 2943 654 3024 Bacchum,
672 2956 705 3005 et
723 2940 864 3005 crudelia
885 2940 968 3005 facta
989 2942 1177 3032 Gigantum.

271 3057 416 3122 Mortalis
435 3080 533 3145 super
551 3057 621 3121 haec
635 3055 807 3119 hominum
828 3073 1002 3120 memorata
1021 3080 1165 3146 propago
1259 3083 1298 3127 ns

272 3175 329 3240 Est
352 3172 450 3254 mihi,
470 3188 502 3235 et
518 3186 693 3260 angustum
709 3170 846 3234 veniunt
865 3187 990 3236 cantata
1005 3193 1065 3259 per
1079 3189 1227 3256 antrum,

271 3287 453 3352 Praedulces
472 3287 595 3374 plectro
613 3283 768 3347 reddente
788 3307 847 3372 per
863 3285 942 3349 atn'a
959 3308 1071 3364 voces,

272 3399 478 3487 Obstupuere
497 3398 602 3486 apices
621 3397 806 3485 montisque
828 3416 859 3462 et
877 3398 964 3462 vallis
987 3421 1085 3487 opaca

273 3514 442 3593 Pelionos,
465 3533 670 3598 quercusque
689 3511 760 3574 altae
779 3509 819 3575 de
836 3513 978 3575 carmine
994 3531 1091 3578 motae
1189 3492 1193 3500 Ι

271 3628 441 3692 Conrulsis
465 3641 641 3715 properant
658 3625 698 3688 ad
716 3649 786 3689 eam
804 3625 965 3691 radicibus
983 3627 1108 3706 aulam,
1259 3650 1299 3694 aa.

271 3741 458 3827 Auditoque
474 3740 549 3803 ferae
567 3756 681 3821 cantu,
701 3756 862 3828 petrasque
877 3757 1055 3829 strepentes

270 3857 438 3945 Speluncae
463 3853 590 3918 stabant
607 3853 782 3935 informes,
807 3855 935 3944 agmine
956 3857 1052 3928 facto.

270 3970 457 4054 Quinetiam
474 3968 564 4032 fessis
582 3967 704 4032 stabula
721 3967 761 4031 ad
780 3969 970 4032 Centaurica
987 3972 1119 4058 pennis,

269 4089 544 4173 Immemoresque
570 4083 619 4147 sui
639 4083 706 4147 nidi
729 4103 846 4147 venere
863 4083 1020 4148 volucres.
