3006 4676
570 355 938 422 Anconnurrcr.
1223 356 1287 442 289

256 491 430 582 Frugiferae
447 513 602 579 quercus;
621 505 691 554 tum
710 505 813 554 vestes
832 487 971 576 desuper
986 487 1107 577 amplas

256 607 380 672 Ordine
395 605 581 695 composui,
599 603 648 670 dts
666 603 893 670 convenientia
908 602 1005 667 dona.

255 720 352 786 Tunc
368 744 501 810 quoque
516 721 645 810 mugitu
658 735 864 809 prestantem
879 735 912 782 et
928 718 1047 782 robore
1064 733 1194 782 taurum

256 835 443 920 viventem,
459 834 501 900 ad
517 858 653 924 superos
671 835 752 900 dura
771 835 896 900 cervice
912 831 1042 910 rellexa,

256 951 369 1016 Occidi
385 952 551 1042 jugulans:
570 952 692 1015 circum
709 971 807 1014 cruor
822 947 968 1036 undique
983 963 1110 1029 uunat,
1245 970 1283 1010 ns

256 1066 403 1154 lmposui
419 1087 518 1154 super
535 1082 568 1130 et
583 1064 790 1154 confringens
804 1063 902 1129 eorda
917 1062 1091 1153 placentis,

254 1182 327 1246 Una
344 1183 421 1246 oleae
437 1181 540 1246 libans
556 1202 645 1271 agnae
664 1204 739 1245 cum
758 1182 838 1246 lacte
855 1181 1028 1268 liquorem.

256 1295 351 1360 Tunc
368 1295 450 1374 jussi
468 1293 568 1360 densa
583 1315 733 1384 proceres
749 1293 873 1358 adstare
889 1314 1029 1374 corona,

256 1409 485 1499 Agglomerare
502 1431 614 1490 enses,
633 1405 767 1498 infigere
784 1407 847 1471 tela
860 1406 1016 1486 juvenco,

255 1523 450 1611 Visceraque
468 1538 501 1588 et
516 1523 631 1612 pellem
648 1522 727 1586 nixu
745 1521 931 1610 transfigere
947 1520 1086 1603 dextree;
1246 1535 1285 1574 ³2·

256 1639 294 1702 ln
312 1637 419 1704 medio
434 1638 578 1727 patulam
596 1638 736 1702 collectis
753 1636 907 1700 omnibus
923 1659 1038 1700 urnam

254 1753 434 1834 Constitui,
451 1751 529 1816 inde
547 1774 648 1816 manu
665 1751 878 1816 commiscens
894 1751 1005 1815 omnia
1022 1750 1138 1833 docta,

255 1869 406 1958 Inprimis
423 1868 568 1957 adipem,
585 1868 716 1932 cerealia
731 1867 818 1932 dona
834 1867 962 1948 farina,

255 1984 297 2048 Et
310 1983 409 2048 salsos
423 1983 526 2073 pelagi
542 1981 679 2064 fluctus,
698 1983 847 2070 murique
868 2003 1036 2064 cruorem,

255 2098 336 2163 Inde
352 2115 525 2163 coronatos
545 2099 624 2164 oleis
639 2097 682 2162 ad
696 2119 784 2162 sacra
799 2098 928 2178 vocavi,
1243 2116 1281 2156 ³2⁵

254 2213 326 2302 lpse
344 2215 423 2278 meis
438 2213 578 2302 phialam
596 2213 746 2278 manibus
765 2212 850 2302 (luit
865 2213 981 2301 aurea)
998 2233 1129 2278 sumens

254 2327 388 2416 Implevi
404 2327 511 2391 mixtis
534 2327 654 2417 epulis,
672 2342 770 2415 atque
786 2325 901 2390 ordine
916 2326 1034 2413 cuique

254 2443 399 2507 Heroum
417 2455 547 2532 gustare
562 2441 638 2506 dedi
653 2443 772 2506 virtute
791 2457 985 2529 potentum,

253 2557 295 2620 Et
311 2557 390 2645 picis
409 2558 527 2622 arentis
543 2556 718 2620 immittere
736 2555 883 2645 lampada
895 2556 977 2635 jussi

253 2671 387 2760 Ignibus
404 2669 607 2736 AEsoniden:
625 2669 702 2734 lacis
719 2670 833 2758 iugens
849 2669 977 2735 flamma
993 2688 1150 2736 eonrscat.
1241 2690 1280 2731 ³³0

253 2785 436 2851 Extendens
460 2801 530 2851 tum
548 2783 666 2850 deinde
680 2806 795 2848 manus
809 2785 989 2848 resonantis
1005 2785 1047 2849 ad
1063 2786 1166 2851 undas

184 3303 185 3306 Ἴ
252 3217 336 3283 «Sed
354 3241 435 3284 voco
455 3233 487 3282 te
502 3218 644 3306 primum
661 3219 822 3282 seniorem
838 3217 942 3282 Nerea
960 3218 1106 3299 cunctis,

252 3332 328 3415 Quo
346 3350 437 3421 patre
454 3335 605 3398 formosae
620 3349 698 3394 sunt
716 3332 950 3422 quinquaginta
967 3333 1101 3420 puellae,

250 3450 292 3513 Et
307 3448 452 3539 glaucam
469 3447 593 3511 Phocus
609 3469 682 3535 quae
698 3448 841 3536 concipit
852 3449 1089 3536 Amphitriten,

251 3564 431 3652 Proteaque
448 3579 480 3627 et
495 3563 681 3642 Phorcum,
698 3579 730 3626 et
745 3563 807 3626 late
823 3563 958 3627 Tritona
975 3579 1162 3647 sonantem,
1241 3584 1278 3622 ³³⁵

252 3679 292 3743 Et
311 3680 428 3744 celeres
449 3694 583 3758 ventos,
597 3677 717 3765 quibus
732 3700 828 3742 aurea
840 3678 987 3767 jungitur
1003 3703 1079 3742 aura
1090 3685 1105 3760 ,'

250 3793 491 3883 splendidaque
502 3809 584 3858 astra
596 3795 721 3880 procul,
733 3793 881 3856 tenebras
894 3817 1025 3881 quoquc
1039 3796 1143 3860 noetis
1153 3819 1276 3884 opaca,

250 3909 386 3998 Praeque
402 3909 518 3975 ducem
540 3909 676 4000 pedibus
692 3908 850 3997 fulgorem
872 3909 953 3973 Solis
970 3892 1146 3998 equorum,

252 4025 423 4090 Daemonas
441 4025 624 4114 amplexus,
642 4021 791 4088 heroidas
807 4047 911 4109 usqne
930 4025 1086 4104 murinas,

301 4141 342 4204 ll.
1110 4161 1148 4222 19
