3022 4678
260 353 321 419 162
360 337 411 416 IN
439 351 525 414 Lln.
548 347 803 415 SEPTIMUM
832 349 1222 418 ARGONAUTICON

257 469 321 524 lioe
347 480 410 521 aunt
428 463 579 536 Wagneri:
603 461 763 518 *Steliulttu
780 463 965 534 profluerunt,
985 475 1011 518 et
1025 465 1097 519 varia
1116 465 1239 520 heriniati
1260 479 1321 522 sunt

257 561 493 612 commentatores,
512 547 587 621 qnod
604 545 676 601 idem
697 559 723 601 et
741 547 808 600 inihi
821 547 908 602 limat.
922 547 1042 618 Aliquem
1064 567 1169 603 ameum
1188 550 1323 605 inveniare

257 637 323 691 mihi
334 637 404 691 vum
415 649 494 697 rem,
508 632 576 686 sitta
587 631 774 704 interpretarer
785 650 792 684 :
804 636 876 701 quibs,
887 633 909 685 si
917 633 953 686 ita
963 633 1076 689 nudares
1084 635 1321 708 sint-Argonauta,

258 736 288 776 ut
301 739 362 775 cum
373 717 490 774 dmoone
502 717 627 773 dimicare
635 716 794 781 sustineant,
805 721 885 769 vetus
898 737 1000 770 aunum
1010 735 1034 770 et
1045 723 1097 790 insa
1110 735 1190 790 terge,
1200 719 1324 784 draconis

257 823 368 880 nempe,
378 807 484 875 inficta,
494 819 636 875 conspersa
647 841 655 868 ,
666 803 732 853 diros
741 819 849 862 cruores,
858 801 974 854 hostiurn
985 801 1220 870 exsecrandorum,
1229 805 1273 876 qui
1284 823 1324 858 ra·

259 911 322 965 pere
334 889 444 954 vellent,
453 901 544 938 servent
556 883 688 938 memorie
697 901 778 938 cauea
787 927 795 952 ‚
805 896 834 937 ut
847 885 918 956 signe
932 885 984 938 sint
993 885 1169 952 fortitudinia,
1178 905 1229 958 qun
1240 887 1322 942 tellus

259 996 312 1031 tuto
323 972 446 1028 custodire
464 969 592 1026 traditum
608 967 689 1022 draco
707 967 863 1023 defenderit.
878 969 942 1023 Erat
958 970 1053 1032 etiam,
1068 969 1115 1023 ubi
1130 973 1189 1023 diris
1199 973 1324 1022 cruoribus

259 1058 359 1112 Medete
370 1075 468 1110 venena
487 1051 628 1126 signifioari
645 1065 764 1124 putarem
772 1092 780 1120 ,
797 1053 980 1125 legeremque:
994 1057 1043 1106 disi
1055 1068 1146 1106 seruent
1158 1057 1251 1116 iiloesn,
1265 1054 1323 1110 soii.

261 1142 356 1196 vellera
365 1182 372 1208 ,
382 1160 417 1194 ne
426 1139 575 1211 rapiantur,
590 1157 685 1190 cruores
692 1175 700 1200 ,
715 1150 744 1190 nt
756 1156 802 1190 rex
815 1149 908 1211 perget
922 1137 1048 1192 mandata
1058 1137 1122 1192 dero
1136 1137 1215 1203 fflite,
1228 1150 1258 1191 ut
1269 1151 1325 1192 arte

260 1245 307 1281 sua
322 1225 422 1298 mugiet
439 1222 550 1294 inungat
570 1233 595 1274 et
607 1219 690 1274 vellus
707 1232 733 1274 et
751 1220 893 1276 &aeonem
901 1242 910 1288 ;
929 1221 975 1274 sed
990 1220 1116 1275 eudemus
1136 1221 1188 1277 hoo
1202 1241 1258 1277 este
1270 1223 1326 1294 ipse

261 1307 388 1365 confiteor
398 1335 419 1362 ιι.
1185 1315 1187 1322 “
1275 1320 1278 1330 ’

294 1478 329 1530 V.
345 1475 403 1530 558.
422 1476 542 1542 Stetitque
552 1473 643 1540 procul
659 1474 766 1524 discessit
779 1476 811 1522 eb
824 1475 900 1540 agn's.
915 1502 950 1511 —
960 1472 1054 1546 lsttctio¹
1065 1477 1098 1524 ab
1112 1475 1190 1542 agris,
1204 1471 1326 1526 teeurtdae

259 1563 360 1616 Bonon.
371 1557 519 1613 emendatio
531 1567 577 1608 est
591 1555 682 1608 lectio
694 1553 833 1622 codicum,
844 1559 869 1606 iu
880 1559 963 1626 agris,
977 1556 1070 1610 melius
1081 1575 1143 1609 cum
1157 1555 1327 1628 sequentibus

261 1645 373 1700 oohteret
383 1661 390 1706 ς
400 1659 506 1696 necesse
522 1651 574 1701 eet,
587 1657 641 1710 quo
659 1650 709 1692 stet
723 1639 882 1711 comparatio
895 1659 954 1712 quse
969 1641 1098 1713 sequitur,
1112 1641 1215 1694 Jaeonir
1226 1641 1326 1701 socios,

208 1777 212 1782 .
262 1727 371 1800 perinde
383 1745 414 1780 ao
424 1726 525 1798 ipsunt,
536 1723 629 1776 Martia
639 1724 665 1776 in
679 1741 773 1794 eampo
786 1735 871 1787 stare,
882 1743 979 1796 magno
992 1737 1079 1778 teman
1089 1723 1226 1779 intervallo
1235 1743 1251 1779 a
1260 1723 1329 1776 duce

263 1813 427 1886 disjunctou
441 1807 501 1862 vide
513 1827 538 1864 v.
552 1805 603 1874 593
617 1820 642 1864 et
655 1807 791 1862 infrenet.
802 1812 865 1870 614.

297 1997 331 2048 V.
343 1994 401 2064 559.
415 1995 517 2042 Fixrrat
530 1993 571 2040 ille
580 1992 684 2056 graues,
695 2003 796 2058 totoque
804 2010 838 2042 ee
848 1993 946 2058 agmine
955 1993 1020 2044 seius

413 2078 516 2135 Stabat,
528 2088 554 2124 ut
564 2076 678 2124 neumis
690 2077 796 2126 desernu
806 2079 839 2126 ab
851 2078 947 2127 orbibus
958 2079 1027 2136 nnis,

416 2163 494 2224 Quem
501 2161 558 2226 jam
571 2161 637 2208 bassa
651 2159 710 2218 dies,
726 2161 856 2227 Austrique
865 2163 973 2211 arden&
984 2179 1080 2220 arene,

417 2248 470 2293 Aut
482 2259 553 2308 quent
566 2241 680 2307 Bisipoeas
691 2255 827 2293 restantem
838 2260 920 2293 rursus
929 2246 967 2294 ad
974 2262 1042 2296 umes

357 2311 359 2316 ,
419 2327 471 2378 Nix
481 2340 504 2378 et
514 2325 786 2392 ambianensem
797 2329 897 2378 abstulit
910 2328 1004 2380 ierint.

268 2467 437 2544 Apollonius,
453 2465 505 2528 ait,
520 2463 574 2528 111,
592 2482 670 2535 ¹²70·
686 2481 810 2535 campum
823 2463 950 2517 Martium
967 2464 1001 2517 ab
1017 2465 1083 2519 urbe
1095 2476 1198 2518 tanturn
1215 2465 1331 2531 distare,

265 2565 394 2630 quantum
408 2570 424 2606 a
438 2548 587 2604 carcenisus
599 2557 666 2600 mete
679 2565 758 2601 curru
771 2545 930 2620 attingenda.

301 2660 370 2713 Hinc
382 2657 501 2731 profecto
510 2655 634 2710 Valerius
642 2654 756 2710 curtulis
765 2655 983 2728 eomputationis,
995 2653 1105 2712 diversae
1117 2667 1219 2722 tamen,
1231 2659 1331 2730 eogita-

266 2749 365 2802 tionem
374 2741 456 2796 duxit.
468 2741 525 2796 Hor
535 2751 605 2796 certe
618 2740 669 2794 eibi
682 2738 836 2814 proposuit,
856 2751 887 2791 ut
899 2740 1021 2792 iasonem
1037 2757 1052 2792 a
1071 2741 1148 2795 sociis
1169 2741 1289 2796 relictum
1305 2743 1331 2796 in

266 2827 374 2892 medio,
395 2842 509 2898 moxque
522 2835 659 2880 tomorum
679 2821 790 2876 fiammis
803 2824 973 2878 obscuratum
986 2841 1017 2876 ac
1041 2823 1191 2878 involutum
1209 2825 1333 2900 pingeret.

269 2911 438 2985 Comparatio
451 2907 596 2964 instituitur
606 2926 668 2962 cum
679 2909 799 2962 curribus
808 2908 858 2963 iter
867 2909 944 2962 timul
954 2907 1111 2962 iacientibus
1122 2909 1179 2964 sive
1190 2909 1219 2965 in
1229 2909 1318 2962 Africa
1324 2945 1333 2972 ,

272 2999 327 3052 rire
340 2997 369 3050 iu
383 2992 507 3067 seythia,
523 3009 637 3064 quorum
654 3010 723 3044 unus
737 2991 813 3044 hesit
826 2991 877 3044 snb
891 3010 1028 3062 vesperam
1043 2991 1070 3044 in
1086 3010 1166 3064 agro,
1185 2993 1259 3062 cujus
1272 3007 1332 3044 mox

270 3097 357 3134 arente
371 3087 396 3130 et
411 3072 539 3128 occidnut
550 3071 606 3129 dies
625 3073 653 3125 in
668 3072 774 3139 Africa,
790 3072 864 3124 nives
879 3084 906 3126 et
923 3071 1023 3144 pruine
1041 3073 1069 3126 in
1090 3074 1212 3147 seythia,
1225 3091 1335 3147 conope-

269 3174 341 3216 rtum
354 3158 477 3232 eripiunt.

307 3264 367 3315 Non
386 3257 568 3312 intellexerunt
585 3255 660 3310 hune
675 3255 764 3312 Εοοιω
780 3254 843 3308 Pius
860 3273 892 3310 eo
905 3255 1089 3324 Burmeuutu,
1101 3260 1199 3312 orbibsu
1215 3276 1272 3314 esse
1285 3277 1336 3331 pro

270 3350 335 3416 polis
351 3342 410 3397 rati.
431 3345 504 3392 orbes
519 3338 564 3392 hie
584 3354 651 3392 rotas
668 3339 817 3410 significare
834 3339 937 3394 monuit
956 3339 1101 3405 Maserius,
1117 3359 1197 3412 quem
1210 3353 1337 3414 sequntm

275 3427 417 3483 norvittius
432 3422 467 3479 ad
481 3423 581 3478 Charit.
597 3441 624 3494 p.
637 3420 704 3492 639,
722 3422 808 3476 iucem
826 3424 928 3495 primns
945 3423 1034 3478 intulit
1046 3423 1112 3478 huie
1123 3424 1199 3491 looo;
1214 3423 1261 3479 sed
1275 3443 1336 3478 eum

275 3513 368 3568 fefellit
377 3505 579 3581 eomputationis
587 3504 764 3577 propositum,
777 3509 852 3580 cnjus
863 3526 906 3562 me
915 3507 1019 3562 monuit
1032 3507 1106 3561 loona
1114 3506 1247 3579 Apollonii
1258 3525 1337 3580 snpra

275 3595 413 3656 laudatur,
425 3591 459 3645 ed
471 3607 550 3664 quem
561 3589 606 3644 iile
622 3589 742 3662 profecto
760 3609 815 3645 nou
828 3591 955 3655 attendit3
968 3591 1118 3662 errantque
1128 3590 1156 3642 in
1168 3609 1233 3646 vooe
1242 3593 1252 3659 (
1262 3593 1339 3664 eujus

275 3677 438 3752 precipuum
459 3684 515 3728 erat
533 3675 844 3742 momenmentum,
862 3693 944 3756 quarn
962 3674 1144 3747 interprrutus
1163 3686 1218 3740 est,
1240 3678 1337 3736 utun,

277 3759 352 3833 qnod
363 3768 492 3832 repugnat
506 3756 688 3812 similitudini:
702 3769 839 3812 taurorum
853 3759 924 3814 enim
937 3757 1051 3816 flammis
1061 3758 1208 3812 obnubitur
1220 3768 1340 3824 tentum,

276 3863 331 3898 non
346 3845 457 3895 obruitur
471 3841 562 3896 insen.
575 3843 683 3893 Abstulit
692 3860 724 3894 eo
740 3861 809 3915 saepe
822 3842 962 3897 adhibetur
974 3859 1070 3907 nuru,
1083 3861 1138 3914 quo
1154 3859 1247 3896 snmus
1257 3840 1339 3894 inter·

274 3924 390 3997 pretati;
404 3924 441 3976 eie
455 3941 552 3996 supra,
569 3924 594 3986 I,
608 3926 672 3995 497,
686 3931 866 3996 Immensusque
885 3942 964 3978 ratem
981 3929 1143 3994 spectantibus
1158 3925 1266 3978 abstulit
1279 3945 1325 3976 aer
1330 3946 1340 3984 ,-

275 4009 316 4060 ΠΙ
328 4049 336 4074 ,
352 4007 412 4072 551,
425 4010 525 4075 jamque
541 4027 572 4058 ex
584 4011 659 4060 oculis
670 4009 790 4061 aufertur
802 4023 909 4077 uterque.
920 4039 955 4049 -
968 4011 1083 4060 Extremi
1093 4013 1161 4059 orbes
1174 4019 1235 4060 nant
1246 4024 1340 4059 currus

275 4090 376 4164 ultimi,
386 4089 432 4162 qui
443 4089 620 4162 plaustrorum
633 4093 788 4150 niestein
804 4092 922 4148 euntium
939 4110 1032 4164 agmen
1046 4091 1212 4146 claudebant.
1233 4121 1268 4132 -
1285 4095 1340 4141 tte·
