3006 4676
220 367 285 434 286
656 363 849 428 ORPllEl
885 391 887 396 ¹
986 373 992 380 ’

308 499 496 581 Quinetiam
513 499 649 589 gemini,
668 498 842 563 fortissima
858 512 1005 586 pectora,
1024 495 1116 561 tumi'
1256 517 1292 560 nt

262 614 449 703 Amphion,
465 614 563 678 simul
584 613 741 695 Asterius,
759 611 890 678 Pellene
902 613 1027 693 relicta,
1255 583 1267 608 ⁸

240 741 242 746 ’
261 729 410 794 Cultihus
425 744 458 792 et
473 729 600 817 patriis,
617 729 734 794 alacres
752 727 787 792 iu
804 727 911 816 praelia
929 726 1055 792 frutres.
1068 769 1077 792 ·.

264 843 392 933 Agnovi
412 839 573 932 duplicem
589 846 700 909 Boreae
718 842 758 907 'de
777 842 922 932 germine
939 842 1078 931 spicam,

263 959 357 1042 Quos
376 958 503 1048 peperit
515 957 645 1024 nubens
659 959 742 1024 lllssi
760 958 800 1023 ad
813 949 957 1022 fluminis
970 957 1093 1053 undum

261 1073 357 1162 Regis
373 1071 547 1138 Erechthei
564 1070 676 1136 divum
694 1095 796 1162 genus
807 1071 974 1162 Orithyia,

264 1191 397 1280 Quique
415 1190 511 1254 essm
533 1187 653 1277 plumis
672 1189 795 1252 circum
812 1169 920 1253 unsa
933 1187 1026 1270 fuss,

264 1305 413 1404 Corpore
429 1301 479 1368 dis
497 1303 608 1367 similis
625 1305 735 1386 Zetes,
752 1302 936 1390 Calaisque,
953 1301 1115 1366 volabant„
1205 1357 1207 1362 .
1291 1290 1299 1314 ⁸

261 1469 268 1494 ,
307 1417 405 1484 Venit
416 1417 457 1482 ab
472 1417 555 1482 urbe
570 1417 683 1482 Pheris
699 1417 786 1481 Pelia
800 1423 933 1504 quoque
951 1417 1098 1506 principe
1116 1431 1211 1480 natus

254 1502 475 1615 hnchisteus,
499 1550 537 1597 ut
554 1532 671 1621 etipse
687 1549 789 1596 ratem
808 1530 1169 1622 conscenderet'Argo,

259 1647 493 1736 Euxinumque
509 1667 618 1712 comes
633 1645 752 1736 Minyis
767 1663 799 1711 et
812 1646 932 1711 Phasin
948 1645 1060 1712 adiret.
1110 1673 1112 1676 ·
1253 1663 1291 1702 ²2⁵

90 1755 92 1778 '
179 1787 183 1794 ·
261 1761 319 1826 His
335 1759 432 1826 simul
449 1761 583 1826 accessit
599 1760 735 1826 dilectus
749 1761 792 1825 ab
810 1759 949 1826 Hercule
965 1759 1042 1825 divo

253 1875 400 1940 -Pulcher
414 1877 528 1965 Hylas,
547 1875 697 1940 nondum
715 1875 770 1938 cui
788 1876 1052 1940 circumtinxera't
1069 1885 1125 1940 'ora

262 1989 407 2055 Candida
421 1988 593 2055 flavescehs
609 1991 696 2054 rosei
709 1991 828 2080 lanugo
845 1991 987 2057 decoris:

263 2103 562 2192 Amphitryoniadae
578 2103 728 2169 intonsus
745 2105 793 2169 sic
809 2105 862 2170 ille
877 2107 1033 2195 placebat.

306 2219 359 2283 Sic
374 2218 420 2282 illi
439 2218 480 2282 ad
489 2218 654 2330 puppim,
675 2220 720 2284 sic
738 2219 772 2284 in
790 2222 940 2286 sermohe
957 2223 1142 2312 frequentes
1253 2235 1294 2292 ,ια’

262 2331 393 2396 Circum
408 2329 557 2414 aderant,
572 2329 719 2421 aliusque
735 2334 823 2398 aliud
843 2335 983 2401 clamore
995 2336 1149 2423 jubebat,

261 2444 465 2534 Prandiaque
480 2445 570 2510 haud
585 2447 672 2535 parci
690 2449 878 2536 praebebanl
893 2451 1022 2540 hospite
1037 2469 1156 2520 mensa.

261 2559 323 2626 Sed
344 2575 515 2650 postquam
535 2578 584 2626 sat
599 2565 720 2650 cuique
734 2561 797 2628 tuit
813 2565 977 2654 potusque
993 2565 1140 2655 cibique,
1258 2559 1262 2567 ’

261 2674 385 2742 Ordine
399 2675 538 2764 quisque
555 2675 688 2759 sedens,
711 2677 753 2742 ad
768 2698 852 2767 opus
866 2679 931 2759 jam
947 2695 1021 2745 vota
1040 2681 1173 2748 ferebat.

262 2790 348 2856 Hinc
364 2811 433 2854 sese
450 2813 489 2854 ex
505 2788 567 2854 alta
583 2791 784 2882 consurgens
804 2793 950 2881 quisquis
967 2813 1064 2860 arena
1252 2819 1288 2856 ‚ss

261 2904 452 2970 Adstantcm
468 2907 648 2996 glomerant
664 2909 805 2995 spatioso
821 2910 854 2972 ih
866 2907 965 2988 litore
982 2883 1118 2993 har'ein,

263 3020 484 3108 Certatimque
503 3037 637 3110 stupent
652 3021 857 3105 omnespsed
875 3023 1025 3112 protihus
1043 3023 1149 3114 Argus

199 3165 208 3184 ι
263 3135 464 3199 subnectens
481 3135 603 3200 'validos
620 3137 683 3202 alta
698 3135 740 3202 de
756 3149 867 3228 puppe
883 3137 1040 3206 rudentes

263 3250 348 3315 Artis
366 3273 443 3339 ope,
461 3265 494 3315 et
510 3247 657 3316 trabibus
674 3253 786 3317 stibte'i
799 3251 942 3346 cohlexa
957 3249 1069 3320 dolatis
1161 3253 1172 3274 '

262 3365 379 3428 Rostra
392 3363 524 3428 morere
541 3379 631 3454 parat
644 3391 654 3448 ;
669 3383 780 3448 vocat,
795 3384 892 3458 atque
905 3368 1056 3436 hortatur
1071 3372 1238 3437 honorans
1252 3392 1288 3434 ato

263 3480 377 3544 Inscssi
391 3489 432 3544 ut
450 3480 609 3562 subeant·;
630 3481 793 3550 studiosos
812 3497 950 3575 occupet
967 3483 1079 3569 ordor}

262 3595 365 3670 Arina
376 3603 512 3683 quoque
527 3597 631 3670 exuti,
656 3595 819 3685 prolixum
836 3617 966 3688 pectora
983 3599 1107 3666 circum

223 3797 225 3804 y
261 3708 423 3774 Succincti
436 3708 569 3791 hinem,
586 3713 746 3798 supremis
761 3713 883 3779 viribus
900 3715 1040 3806 instant3

80 3863 84 3870 ·
136 3809 160 3823 “
263 3825 414 3892 Protinus
433 3823 474 3889 ad
490 3821 609 3890 fluctus
624 3827 764 3893 stridens
779 3831 969 3918 propellitur
986 3833 1087 3922 Arg0;

263 3941 319 4006 Illa
337 3939 394 4004 sed
410 3941 557 4006 exsiliens
575 3939 678 4006 nudas
692 3929 794 4031 'quum
812 3945 911 4010 calcat
926 3945 1065 4030 arenas,
1251 3967 1287 4015 ars

263 4058 396 4120 Terram
412 4056 498 4120 inter
514 4049 714 4146 lluctusque,
732 4059 766 4123 in
779 4061 862 4125 sicca
875 4061 992 4126 restitit
1008 4064 1093 4153 alga,
