2994 4702
526 326 972 450 AllGONAUTARUM.
1218 385 1280 474 347

214 513 361 598 uuluam
375 508 417 572 ab
436 507 580 596 Orpheo,
599 524 808 573 memoratur.
824 509 937 591 Quum
955 522 1063 572 autent
1088 507 1183 572 multi
1199 513 1284 596 Argi

212 615 335 680 fuerint
359 614 392 676 in
418 613 552 678 historia
568 613 729 703 mythico,
754 634 822 678 non
841 613 933 678 facile
950 629 999 678 est
1017 635 1130 678 omnes
1147 614 1183 680 in
1199 637 1283 680 eon·

211 718 355 784 cordiam
372 717 517 810 redigere
531 720 713 808 scriptores.
730 721 778 785 De
794 741 911 810 gerere
928 719 1031 785 nostri
1048 741 1115 784 uon
1130 721 1283 786 murenis

212 824 308 888 etiam
323 847 331 888 ε
345 845 384 888 ex
401 823 549 912 Thespiis
561 823 738 888 oriundum
750 823 826 890 iacit
841 825 970 906 Noster,
983 825 1039 890 lib.
1052 824 1140 911 1‚93
1156 841 1188 889 et
1201 829 1282 906 ¹²43

212 946 335 1017 patrem
353 929 422 1010 ojus
433 933 611 994 Arestorsm
627 930 703 994 facit
714 929 867 1017 Apollou.
881 929 935 994 lib.
946 931 979 1010 l,
997 951 1073 1012 ¹¹23
1089 931 1132 993 ita
1145 944 1182 994 ut
1194 929 1281 994 idem

206 1019 313 1118 esset,
336 1036 393 1122 qui
408 1039 535 1122 Argus,
554 1049 662 1100 eustos
681 1037 773 1100 lusa
796 1035 926 1100 lunone
951 1037 1136 1125 appositus,
1157 1052 1190 1101 et
1205 1057 1284 1101 oeu-

215 1156 283 1203 tum
315 1139 417 1204 oculis
446 1139 581 1229 vigilans
605 1163 625 1203 a
650 1141 814 1206 Mercurio
841 1138 1055 1206 interfectus:
1080 1141 1170 1204 huno
1194 1141 1281 1205 enirn

214 1245 416 1310 Arestoridsn
431 1261 525 1310 vocat
548 1244 703 1328 Ovidius,
735 1247 813 1312 Met.
840 1246 879 1328 1,
907 1247 982 1324 624.
999 1247 1107 1311 Treta.
1126 1245 1166 1310 ad
1182 1245 1284 1334 Lyco·

218 1355 336 1444 phron.
360 1377 405 1420 vs.
436 1354 517 1437 885,
531 1355 636 1437 Europos
654 1367 671 1424 ἡ
691 1349 823 1437 Antiopae
851 1353 952 1420 fillum
977 1353 1073 1432 dicit,
1090 1354 1147 1418 ubl
1165 1351 1283 1436 credO,

218 1463 353 1542 Apteron
372 1460 546 1552 legendum
566 1483 631 1550 pro
651 1460 769 1542 Εστορος·
787 1476 819 1525 et
842 1462 876 1524 in
894 1459 1070 1550 Apollonio
1084 1459 1283 1524 Alectorriien

213 1587 273 1656 pro
289 1567 492 1657 Areston'dsa
512 1587 580 1631 esse
599 1565 769 1631 contendit
796 1566 1002 1632 doctissimus
1026 1565 1222 1630 Meneniacus
1241 1559 1283 1630 'ad

213 1669 307 1738 Orid.
325 1671 426 1761 Epist.
440 1673 485 1736 Vl
494 1719 503 1753 ,
520 1671 578 1754 65,
593 1695 664 1762 pag.
678 1671 762 1766 671,
774 1672 832 1736 ubi
849 1673 976 1762 egregie
994 1670 1036 1736 de
1052 1671 1117 1735 hoo
1133 1672 1239 1758 Argo,
1251 1685 1284 1734 et

212 1797 294 1841 nave
308 1779 395 1867 Argo
410 1777 562 1866 disputat.
581 1778 679 1840 Hunc
694 1775 790 1840 etiam
806 1777 858 1840 alii
876 1777 999 1840 faciunt
1015 1775 1283 1839 conditoremur·

214 1882 263 1946 bis
282 1883 360 1971 Argi
377 1882 506 1970 (Schol.
526 1881 671 1970 Euripid.
689 1879 977 1969 Phoeniss.1ra.⁹›);
995 1903 1093 1970 quem
1112 1878 1164 1945 alii
1180 1879 1283 1945 lilium

214 1988 339 2071 Menas,
365 2005 401 2054 ut
423 1988 531 2053 Schol.
555 1986 699 2077 AEsohyl.
721 1987 886 2052 Prometh.
915 1986 995 2076 570,
1017 1988 1069 2051 alii
1094 1987 1221 2064 Inachi,
1245 1999 1284 2050 ut

214 2091 403 2180 Apollodor.
419 2093 473 2158 lib.
489 2093 534 2176 11,
550 2115 619 2182 cap.
637 2115 664 2175 1,
678 2098 695 2174 5
713 2115 741 2174 r,
755 2093 807 2156 alii
819 2094 836 2156 J
838 2093 908 2156 oris
924 2109 957 2157 et
970 2093 1000 2158 N
1002 2091 1110 2174 iobes,
1124 2106 1162 2154 ut
1174 2090 1282 2156 Schol.

214 2197 359 2287 Euripid.
371 2200 476 2264 Orest.
491 2200 567 2286 930,
584 2223 623 2264 ex
635 2199 832 2288 Pherecyde,
848 2199 979 2264 iaciunt.
993 2197 1057 2264 Sed
1073 2197 1282 2263 centoculum

214 2303 304 2367 illum
323 2302 486 2370 diversum
503 2328 522 2370 a
539 2321 651 2370 nostro
669 2307 754 2394 Argo
771 2325 859 2384 esse,
877 2320 964 2368 certe
982 2303 1026 2368 ita
1042 2325 1172 2368 censere
1188 2301 1284 2366 Vale·

214 2410 297 2473 rium
317 2426 481 2494 nostrum,
497 2427 630 2500 apparet
645 2433 684 2474 ex
697 2410 754 2474 lib.
772 2408 828 2491 lV,
847 2407 996 2492 351,u1›i
1017 2409 1169 2499 Orpheus
1189 2409 1284 2473 fabu-

215 2515 277 2579 lam
301 2518 357 2582 lus
375 2532 407 2582 et
424 2517 567 2582 custodis
585 2518 678 2606 Argi,
696 2533 733 2581 ut
751 2519 855 2581 multo
874 2516 1090 2604 antiquiorem
1109 2517 1204 2582 canit.
1219 2517 1284 2579 Va-

214 2621 299 2686 riant
314 2643 391 2687 vero
407 2623 441 2686 in
459 2625 519 2687 hac
538 2623 606 2711 ipsa
622 2624 677 2686 Ius
700 2622 807 2686 fabula
827 2622 978 2687 Veteres:
995 2645 1178 2710 anonymus
1196 2621 1283 2685 enim

215 2723 256 2788 de
274 2725 538 2807 Incredibilihus,
558 2748 628 2814 cap.
646 2723 683 2790 15
702 2725 852 2789 editionis
871 2725 1005 2790 Thomas
1030 2725 1127 2804 Gale,
1153 2724 1230 2789 facit
1247 2726 1284 2788 lo

215 2831 373 2894 Arestoris
387 2829 483 2894 filiam
493 2877 503 2912 ,
514 2833 635 2919 Argum
650 2851 727 2893 rero
741 2830 873 2894 fratrem
890 2831 1000 2893 matris
1009 2832 1167 2894 Arestoris
1178 2854 1187 2910 ;
1200 2829 1283 2893 Cha·

215 2959 271 3000 rax
287 2959 363 3002 vero
386 2937 473 3025 apud
492 2938 691 3026 Stephanum
714 2937 747 3000 in
777 2947 909 3018 Παρῥασία
930 2937 1099 3026 Pelasgum
1126 2937 1285 3001 Arestoris

217 3042 341 3126 lilium,
359 3044 448 3108 hunc
466 3043 598 3125 Ecbasi,
612 3044 704 3108 illurn
725 3044 800 3134 Argi
816 3065 824 3108 :
848 3065 920 3131 quse
936 3043 988 3106 vix
1004 3057 1136 3132 possent
1150 3043 1235 3105 inter
1251 3063 1286 3106 se

219 3171 418 3240 congruere,
434 3150 494 3214 nisi
511 3150 587 3239 Argi
602 3171 696 3213 soror
711 3165 814 3213 mater
826 3165 985 3214 statuatur
1000 3148 1171 3214 Arestoris.
1192 3150 1289 3238 Apol·

215 3257 366 3338 lodorus,
382 3257 438 3322 lib.
457 3258 489 3340 1,
509 3279 578 3346 cap.
599 3279 640 3344 9,
657 3265 674 3339 s
695 3259 754 3339 16,
777 3258 897 3346 Phryxi
918 3255 1021 3321 lilium
1046 3256 1140 3338 facit;
1159 3255 1216 3320 sed
1234 3255 1285 3320 ille

216 3363 296 3427 alter
308 3369 417 3452 Argus
430 3379 494 3445 est,
511 3362 552 3428 de
568 3384 635 3451 quo
647 3385 723 3428 mox
732 3362 919 3428 dicendum.
932 3364 1101 3452 Hyginus,
1119 3362 1182 3426 lab.
1197 3361 1285 3442 XIV,

217 3467 292 3532 facit
304 3467 418 3557 Polybi
431 3485 463 3532 et
474 3470 578 3561 Argiae
588 3467 702 3549 filium,
712 3468 763 3532 vel
772 3468 954 3558 secundum
963 3468 1058 3552 alios,
1071 3467 1286 3556 DanaiPoly·

216 3573 294 3638 hum
313 3597 391 3639 vero
406 3574 556 3639 Phocidis
571 3597 698 3664 regem,
718 3575 773 3662 qui
794 3574 959 3663 OEdipum
976 3573 1141 3656 educavit,
1161 3575 1287 3662 reperio

216 3679 304 3768 apud
319 3679 455 3745 Diodor.
474 3681 572 3745 Sicul.
591 3681 648 3745 lib.
664 3681 720 3762 lv,
735 3702 806 3768 pag.
832 3679 903 3762 185,
920 3697 953 3745 et
968 3681 1044 3746 Stat.
1057 3679 1161 3745 Theb.
1173 3679 1211 3761 1,
1232 3681 1284 3758 64.

219 3785 353 3874 Argiam
375 3808 452 3850 vero
473 3787 542 3866 ejus
559 3805 693 3852 matrem
710 3788 805 3876 plane
823 3787 948 3877 ignoro.
968 3789 1132 3852 Diversum
1150 3786 1191 3850 ab
1213 3809 1287 3849 om·

220 3891 315 3954 nibus
331 3891 519 3979 opinionem
541 3891 639 3958 tradit
653 3893 846 3957 Ptolemaeus
864 3893 1099 3982 Hephaestionis
1114 3895 1149 3956 F.
1166 3893 1221 3956 lib.
1237 3893 1288 3962 11,

218 4017 289 4082 pag.
306 3995 387 4079 310,
407 3998 464 4085 qui
481 3997 607 4085 prodit,
624 4001 710 4088 Argo
732 4021 844 4064 navem
864 3998 983 4064 dictam
1002 3999 1042 4064 ab
1063 4003 1149 4088 Argo
1165 3999 1288 4061 Iasonis

218 4096 303 4182 filio,
328 4123 425 4188 quem
450 4101 502 4166 ille
525 4125 634 4169 amans
652 4125 761 4168 secum
781 4104 813 4167 in
833 4103 995 4190 Scythiam
1013 4103 1105 4167 duxit
1123 4127 1132 4184 ;
1156 4099 1229 4166 ride
1251 4102 1285 4165 in
1327 4163 1330 4172 ,

219 4205 360 4270 Hercule.
