2994 4702
508 379 918 448 snoousurnnun.
1184 379 1249 467 329
1375 403 1377 412 ·

184 506 307 586 nistris,
322 503 407 588 filio,
423 503 496 570 vide
506 503 784 586 Nostrum,lib.l,
796 525 827 568 v.
840 499 1031 589 8233quem
1040 501 1250 568 promtum

183 627 335 676 vocatum
355 626 492 676 constat.
515 609 579 676 Sed
601 610 785 675 invenimus
800 609 916 674 Iasona
938 607 1089 672 habuisse
1104 629 1250 674 sororem

183 717 374 806 Hippolyten
390 715 476 805 apud
489 715 597 782 Schol.
615 717 765 804 Apollon.
783 715 815 796 1,
834 713 917 795 286,
930 735 1003 800 que
1014 714 1097 778 forte
1106 714 1170 778 fuit
1181 715 1251 780 haec

183 824 290 891 Aotsti
305 846 406 906 uxor,
419 841 452 888 et
461 821 536 888 inde
543 822 615 903 jure
625 821 763 888 creatus
774 835 882 910 potest
891 819 973 902 dici,
985 821 1061 908 quio
1072 820 1204 886 AEsonis
1212 819 1250 885 fi-

184 929 226 994 lia
239 945 272 994 et
281 928 411 994 Crethei
421 928 527 1018 neptis
538 927 611 994 fuit
625 927 832 1016 Porphyrion
839 949 916 992 vero
926 925 967 992 sd
976 927 1101 992 Horatii
1109 928 1130 992 l.
1141 927 1163 992 l.
1171 926 1251 992 dicit

184 1035 269 1099 hanc
282 1034 471 1124 Hippolyten
493 1033 577 1100 tradi
599 1051 735 1122 nuptam
756 1034 856 1098 fuisse
873 1033 1033 1122 Eutypplo
1043 1059 1056 1114 ,·
1076 1033 1133 1098 ubi
1151 1055 1249 1122 quern

184 1140 382 1228 Eurypylum
394 1141 550 1232 intelligat
563 1141 689 1223 nescio,
698 1163 801 1228 quum
813 1139 956 1204 diversos
965 1141 1064 1205 luisse
1074 1139 1250 1205 viderimus

185 1246 226 1310 ad
241 1245 335 1310 Ovid.
350 1245 606 1330 Met.v11‚363‚
621 1264 655 1310 et
667 1247 767 1323 XIII,
783 1244 865 1333 3573
880 1262 967 1310 certe
980 1262 1055 1310 ante
1071 1246 1178 1312 Acasti
1192 1269 1252 1310 nu·

185 1354 266 1440 ptias
279 1353 440 1442 Eurypylo
452 1353 599 1441 nupsisse
613 1351 738 1436 debuit,
748 1373 851 1440 quum
863 1353 961 1416 simul
974 1375 1049 1416 curn
1058 1353 1173 1418 Acasto
1186 1354 1252 1416 lue·

185 1458 228 1522 rit
238 1481 255 1522 a
267 1458 364 1522 Peleo
376 1460 492 1542 occisa,
500 1475 537 1524 ut
551 1459 634 1524 infra
647 1459 682 1522 in
692 1459 788 1523 Peleo
796 1457 988 1523 videbimus.
1001 1458 1157 1522 Maserius
1170 1481 1251 1522 uxo·

185 1585 253 1627 rem
267 1563 374 1628 Acasti
391 1580 483 1629 notat
498 1587 516 1628 a
529 1563 628 1630 Suida
641 1564 820 1628 Atalanten
835 1563 915 1646 dici,
931 1561 1028 1628 filiam
1043 1563 1249 1653 Hippolytes,

185 1667 275 1755 quod
295 1668 448 1732 ultimum
477 1690 537 1757 ego
565 1669 598 1732 in
620 1667 719 1732 Suidu
735 1691 803 1732 non
822 1665 908 1750 vidi3
932 1668 1017 1732 forte
1033 1689 1126 1731 error
1142 1666 1249 1732 Suidru

186 1773 263 1837 inde
282 1789 398 1856 natus,
415 1774 467 1838 rel
498 1773 596 1838 verba
612 1774 716 1863 prima
738 1773 888 1854 turbata,
917 1773 1008 1862 quod
1031 1774 1225 1858 Astpdamio
1236 1823 1246 1854 ,

187 1903 269 1944 uxor
292 1880 417 1962 Acasti,
439 1877 591 1945 inciderit
613 1880 648 1944 in
671 1902 814 1944 amorem
833 1880 936 1962 Pelei,
962 1879 1042 1945 dum
1068 1903 1143 1944 curn
1165 1882 1250 1945 Ata-

186 1984 278 2050 lanta
310 1985 343 2046 in
373 1982 458 2050 ludis
485 1985 579 2050 Peliae
609 1982 768 2066 decertat,
797 2000 836 2049 ut
870 1984 1056 2072 Apollodor.
1093 1985 1145 2050 titt
1178 1986 1249 2067 111,
1359 2055 1362 2064 ⁶

188 2112 256 2177 cap.
278 2089 332 2172 13,
359 2095 377 2170 S
400 2089 431 2154 3.
457 2091 507 2154 Ex
527 2091 644 2155 Acasto
677 2106 750 2156 nata
779 2091 843 2154 fuit
865 2089 1059 2172 Laodamia,
1085 2091 1250 2154 Protesilai

188 2216 286 2276 uxor,
310 2210 348 2259 ut
361 2193 459 2258 tradit
475 2194 643 2284 Hyginus,
666 2195 731 2260 fab.
753 2195 813 2260 103
833 2195 1104 2277 et1043ethinc
1122 2195 1250 2260 Laoda-

187 2299 351 2388 mt'aapud
364 2298 459 2365 Ovid.
483 2301 584 2392 Epist.
602 2303 705 2384 XIII,
725 2300 788 2366 25:

292 2479 344 2532 Vix
357 2497 432 2532 socer
448 2478 580 2550 Iphiclus,
592 2479 636 2534 vix
648 2497 690 2533 me
703 2477 857 2551 grandevus
867 2477 989 2545 Acastus,

326 2567 377 2620 Vix
391 2577 475 2620 mater
486 2565 572 2639 gelida
584 2578 675 2620 intesta
687 2567 780 2620 refecit
792 2583 870 2638 equa.

188 2755 251 2817 Ubi
263 2752 404 2817 dubitari
416 2769 539 2841 potest,
555 2775 596 2817 an
612 2767 722 2817 noster
735 2753 872 2818 Acastus
885 2752 1128 2844 intelligendus,
1140 2757 1196 2842 qui
1209 2755 1249 2819 ad

188 2861 263 2924 belli
282 2857 411 2938 Trojani
425 2875 571 2947 tempora
586 2858 769 2946 pervenisse
786 2879 853 2922 non
869 2858 1014 2941 videtur,
1032 2877 1070 2924 ut
1083 2861 1149 2940 jam
1163 2875 1252 2925 recte
1269 2927 1272 2940 ,

188 2963 312 3029 notavit
322 2965 484 3029 Antonius
498 2965 650 3046 Volscus3
666 2963 802 3029 sednon
816 2964 959 3030 ostendit
972 2981 1097 3047 tamen,
1113 2966 1186 3055 quis
1198 2963 1252 3031 ille

188 3071 324 3135 Acastus
341 3070 458 3151 fuerit,
474 3068 531 3133 sed
547 3069 580 3133 in
596 3091 666 3134 eam
679 3069 870 3136 sententiam
882 3071 1007 3136 venisse
1015 3070 1160 3160 videtur,
1175 3073 1251 3160 quia

55 3227 57 3232 ,
189 3191 324 3240 matrem
349 3175 542 3260 Laodamiae,
562 3197 629 3240 non
654 3175 842 3267 Hippolyten
868 3178 919 3241 vel
935 3177 1173 3264 Astydamiom,
1192 3179 1251 3244 sed

189 3283 402 3348 Laodotheom
419 3282 536 3348 dictam
554 3283 690 3370 reperit3
707 3305 805 3372 quam
822 3283 911 3348 unde
921 3283 1068 3373 petierit,
1085 3307 1152 3348 non
1165 3284 1250 3349 indi·

189 3391 285 3472 cavit3
305 3390 390 3454 forte
405 3412 445 3454 ex
460 3387 628 3478 adscriptis
643 3389 747 3456 codici
769 3413 830 3456 suo
846 3391 959 3479 glossis
976 3391 1028 3456 vel
1042 3391 1189 3472 scholiis,
1212 3414 1251 3454 ex

189 3495 307 3581 quibus
331 3497 427 3585 primi
452 3496 497 3560 illi
515 3497 686 3562 Poetarum
703 3497 911 3585 interpretes,
931 3513 971 3562 ut
988 3497 1169 3579 Domitius,
1185 3500 1249 3561 na-

188 3600 282 3686 phasl
298 3603 416 3690 Regius
433 3603 552 3677 etalii,
570 3623 653 3691 saepe
668 3603 788 3666 bonarn
809 3621 962 3668 notarum
979 3627 1111 3668 suorum
1125 3621 1249 3692 partem

188 3705 396 3795 descripsere.
410 3711 504 3774 Certe
519 3722 552 3771 et
568 3709 704 3772 Acastus
721 3707 794 3790 hic,
810 3726 843 3774 et
860 3711 1046 3775 Laodotltea
1063 3711 1143 3775 mihi
1158 3711 1249 3776 inco-

188 3812 269 3900 gniti
297 3831 391 3894 sunt,
409 3813 466 3880 sed
497 3815 524 3878 si
550 3813 631 3878 alius
658 3814 773 3894 fuerit,
805 3814 901 3880 etiam
929 3816 1120 3882 Thessalum
1151 3817 1250 3880 fuisse

187 3919 340 3984 Acctstum
362 3921 453 3986 illum
471 3920 587 4002 credo,
604 3935 643 3984 ut
663 3936 696 3984 et
709 3937 777 3986 erat
792 3921 996 3987 Protesilaus.
1015 3921 1183 4005 Quosdam
1200 3940 1249 3986 ta·

189 4045 263 4085 men
290 4025 462 4091 credidisse
485 4031 638 4091 Acastum
662 4027 703 4090 ad
719 4027 850 4106 Trojani
876 4029 950 4091 belli
969 4045 1114 4117 tempora
1135 4051 1248 4116 super-

192 4127 322 4209 vixisse,
341 4148 373 4195 et
398 4157 415 4195 a
443 4133 552 4214 Peleo,
571 4133 627 4220 qui
656 4133 723 4212 ejus
751 4157 884 4198 uxorem
914 4135 1050 4217 occidit,
1079 4136 1248 4222 expulsum
