3002 4680
527 347 564 408 C.
589 345 780 410 VALEllll
811 347 836 409 F
841 343 982 410 LACCl

265 472 371 538 Flexit
385 472 427 538 ad
444 474 594 563 ignotum
609 493 708 566 capnt
722 475 936 564 infletumque
953 477 1089 544 Monesi.

267 585 412 676 Praeccps
430 589 483 652 ille
500 591 584 656 ruit:
603 607 680 656 nato
699 613 765 655 non
783 591 907 681 depulit
919 591 1003 656 ictus

257 703 409 791 ¹Jupiter3
420 703 563 769 AEsoniae
577 705 694 770 vulnus
709 704 804 770 fatale
817 705 875 770 sed
887 707 986 770 hastae

266 817 329 880 Per
344 817 510 906 clypeum,
530 843 589 908 per
607 835 721 909 pectus
732 821 815 903 abit,
834 822 989 910 lapsoque
1003 839 1159 888 cruentus

268 931 403 996 Advolat
419 932 612 1018 AEsonides,
629 949 834 1024 mortemque
850 935 994 1001 cadentis
1010 935 1148 1001 acerbat.
1254 961 1292 997 sss

268 1048 434 1138 Spargitur
449 1049 547 1131 hinc,
563 1051 752 1139 miserisque
767 1053 856 1116 venit
867 1053 934 1132 jam
950 1069 1048 1118 notus
1065 1053 1185 1118 Alanis.

311 1166 355 1228 At
367 1166 476 1255 regina
490 1167 597 1232 virum
614 1167 739 1255 (neque
755 1167 843 1230 enim
859 1167 939 1232 deus
954 1182 1083 1232 amovet
1097 1168 1223 1258 ignem)

268 1279 478 1370 Persequitur
494 1285 652 1367 lustrans,
669 1283 836 1372 oculisque
853 1283 1044 1350 ardentibus
1060 1284 1176 1368 boeret5

268 1395 311 1458 Et
325 1396 409 1479 jam,
427 1399 498 1463 leta
515 1400 624 1464 minus
642 1400 807 1488 praesentis
827 1401 967 1490 imagine
984 1421 1121 1488 pugnae,

272 1510 476 1601 Castigatque
492 1529 616 1597 metus,
636 1529 687 1597 et,
707 1537 786 1602 quaa
804 1513 860 1577 alit
874 1514 994 1594 inscia,
1014 1535 1126 1595 curas,
1256 1533 1295 1570 θοι·

271 1627 473 1716 Respiciens,
488 1654 529 1694 an
545 1654 620 1696 vera
638 1653 748 1714 soror,
768 1653 828 1694 nec
845 1628 976 1694 credere
989 1630 1085 1694 falsos

270 1743 380 1808 Audet
394 1761 486 1811 atrox
500 1747 630 1828 vultus,
649 1743 827 1834 eademque
845 1748 879 1810 in
894 1745 1010 1836 gaudia
1025 1769 1137 1810 rursus

270 1857 415 1940 Labitur,
434 1877 467 1924 et
484 1883 573 1924 saevae
591 1860 730 1924 trahitur
747 1859 919 1925 dulcedine
939 1859 1084 1924 flammae.

272 1973 321 2036 Ac
337 1974 427 2038 velut
444 1990 518 2038 ante
538 1997 645 2040 comas
664 1997 700 2039 ac
718 1997 844 2040 summa
861 1975 1028 2040 cacumina
1047 1975 1132 2040 silvae

259 2176 313 2226 651.
325 2177 401 2224 steen
410 2180 437 2224 io
445 2179 531 2226 admoti
537 2190 617 2241 caput,
628 2181 781 2244 infletumque
791 2183 824 2226 lt.
837 2177 963 2226 (immod.
974 2177 1031 2223 edit.
1044 2177 1067 2222 ll
1078 2186 1102 2221 et
1110 2175 1189 2224 lleint.
1202 2203 1233 2214 ι-
1242 2178 1296 2226 655.

230 2261 334 2306 Acerras
345 2258 442 2306 Salerni
452 2259 467 2304 b
476 2269 500 2306 et
512 2277 531 2306 o
541 2262 719 2324 permutatione,
729 2261 805 2308 Vatis.
814 2260 906 2306 Bonon.
922 2257 992 2304 codd.
1006 2259 1096 2304 Bonon.
1107 2260 1125 2304 l.
1134 2261 1198 2307 tunt.
1210 2260 1296 2306 Meter.

230 2344 287 2384 text.
305 2337 358 2403 4111.
374 2363 406 2372 —
421 2338 475 2398 657.
493 2342 570 2402 Ignes.
590 2343 679 2389 bonon.
700 2343 710 2388 l
728 2351 752 2388 et
771 2341 806 2394 ΙΙ,
828 2349 853 2388 et
869 2338 923 2384 edd.
941 2346 996 2386 ente
1011 2337 1077 2384 (Ἆπ.
1097 2363 1127 2374 -·
1143 2337 1198 2388 663.
1222 2342 1297 2388 sava.

230 2415 336 2466 vatican.
349 2417 402 2468 cod.
419 2419 463 2464 Eo.

267 2592 329 2646 652.
345 2599 453 2664 eoeeeps
464 2597 517 2657 ille,
534 2597 663 2659 Colaxes,
674 2600 721 2648 ruit
730 2617 741 2657 ;
785 2593 940 2665 peregrin03
962 2593 1017 2665 ipsa
1033 2611 1061 2646 se
1078 2591 1170 2645 celare'
1180 2609 1297 2645 amorem

230 2675 341 2724 AEronr'oe
352 2679 547 2746 vulnusfotale,
556 2678 649 2742 letale,
662 2681 741 2728 laste
784 2673 843 2726 ruit
852 2713 859 2740 ,
869 2691 949 2746 quem
958 2673 1036 2726 sentit
1045 2691 1138 2744 reapse
1148 2671 1298 2744 ,oriturque

225 2771 273 2819 per
280 2757 390 2820 clypemt
399 2793 407 2815 ,
414 2775 462 2822 per
464 2771 550 2824 peenas
557 2760 618 2808 abit.
784 2753 849 2808 levis
861 2753 928 2808 adeo
945 2755 1059 2826 suspicio
1072 2752 1106 2806 de
1123 2751 1220 2806 comite
1234 2771 1297 2815 sua,

265 2832 328 2886 655.
347 2831 460 2888 Advolat
481 2836 575 2898 lason,
592 2849 741 2902 mortemque
784 2837 930 2904 respiciens,
947 2855 981 2887 aa
999 2855 1064 2886 vem
1081 2853 1164 2894 soror,
1182 2851 1228 2884 nec
1246 2845 1298 2883 'ere-

230 2914 341 2963 eadenn's
358 2917 473 2976 acerba,
496 2915 656 2968 acerbiorem
679 2916 742 2970 facit
784 2920 843 2968 dere
848 2917 932 2985 salsos
945 2919 1021 2967 audet
1032 2929 1107 2966 atrox
1120 2919 1224 2976 culm,-
1244 2929 1299 2963 nou

230 2990 398 3056 insultando,
418 2979 564 3050 sarcasmis.
584 2994 741 3066 Exemplum
785 2994 833 3047 diu
851 2996 897 3049 alit
916 2995 1112 3067 suspicionem,
1133 3011 1183 3064 qua
1208 3003 1298 3043 tamen

230 3069 303 3124 alind
316 3070 376 3126 vide
386 3091 484 3145 supra,
498 3073 546 3140 IV,
561 3074 622 3138 314.
785 3074 910 3146 injuriam
929 3075 1042 3125 fortasse
1060 3071 1144 3122 iecere
1158 3069 1242 3139 possit
1255 3087 1298 3120 so-

265 3147 328 3203 656.
342 3154 469 3220 δρυμῶν
477 3155 546 3214 tine,
556 3152 591 3206 ad
601 3153 667 3207 elios
678 3173 741 3224 pro·
785 3151 860 3217 rori,
882 3155 1017 3216 eademque
1035 3151 1059 3198 in
1079 3150 1176 3215 gaudie
1196 3148 1297 3208 lebino,

230 3247 328 3302 perans
340 3271 347 3295 ,
357 3233 500 3299 miserisque
509 3233 641 3301 wnitjam
652 3247 739 3292 news,
786 3231 888 3282 vultum
896 3229 986 3282 denuo
996 3226 1110 3299 explicat
1119 3265 1127 3289 ,
1137 3239 1162 3278 et
1172 3245 1242 3277 sares
1251 3239 1301 3276 tra·

229 3319 308 3361 testes
330 3310 401 3362 enim
419 3310 523 3364 fuerant
548 3331 640 3366 rernm
662 3311 743 3364 modo
785 3313 849 3363 tiae
858 3311 990 3360 dulcedine
993 3309 1121 3380 flammae,
1136 3305 1299 3377 pernicioso,

232 3387 334 3441 fortiter
345 3402 478 3461 gestarum
489 3426 497 3452 ,
510 3393 609 3442 Aleria.
786 3407 840 3460 quo
849 3398 939 3440 tamen
946 3385 1065 3460 jucunde
1074 3385 1189 3439 allicitur
1197 3403 1301 3448 ‚amore

266 3470 329 3539 657.
349 3475 385 3520 At
406 3471 509 3537 regina,
530 3465 644 3530 Medea,
664 3486 744 3533 neque
787 3466 1017 3536 abripisepatitnr
1027 3503 1034 3530 ,
1045 3462 1091 3538 qui
1104 3483 1118 3518 a
1130 3483 1214 3536 parvo
1223 3463 1300 3516 initio

230 3551 296 3600 enim
313 3552 388 3610 deus,
406 3546 532 3620 Cupido,
552 3557 648 3597 movet
660 3547 743 3612 ignem
788 3545 883 3599 sensim
901 3544 936 3597 ad
957 3544 1139 3603 incredibilem
1158 3543 1300 3598 vehemen-

233 3629 348 3696 (sacem,
361 3647 388 3680 v.
404 3625 746 3697 &spammetius
787 3626 851 3678 tiam
869 3623 1048 3697 progreditur.
1076 3626 1134 3678 lloc
1156 3623 1302 3677 illustratur

231 3708 314 3762 oculis
328 3706 481 3762 ardentibus
491 3723 498 3768 3
510 3719 534 3755 et
541 3707 598 3770 jaan
611 3707 670 3754 laete
683 3703 743 3752 iana·
787 3703 1005 3776 comparationes
1018 3705 1103 3757 ventis
1116 3702 1265 3774 desumpta.

231 3791 291 3856 gine
304 3807 399 3856 pugna
419 3789 499 3836 mium
516 3785 661 3852 pratentis,
684 3782 743 3836 ani·
822 3786 882 3849 664.
893 3791 932 3837 Ac
942 3789 1079 3837 volutante
1095 3801 1196 3844 comas,
1217 3793 1300 3834 extre·

231 3885 306 3920 ntum
318 3865 434 3936 colligit,
448 3862 522 3935 quod
533 3863 659 3916 remotius
672 3861 744 3915 videt
787 3881 831 3918 rna
848 3865 1012 3937 singularum
1030 3863 1156 3916 arborum
1175 3860 1256 3922 solia,
1270 3881 1301 3912 ae

231 3946 351 4017 prolium
362 3985 369 4008 ,
380 3945 535 4012 castigatque
545 3955 634 4004 metus,
645 3957 670 3996 et
680 3963 742 4011 quas
787 3964 882 3996 summa
896 3947 1026 3996 saturnina
1041 3946 1123 4001 silve,
1137 3939 1216 3992 totius
1231 3939 1302 3992 silete

232 4027 277 4076 elit
291 4027 372 4074 inscia
389 4041 475 4082 curas,
493 4023 550 4093 ipsa
564 4025 745 4094 eomprehen-
787 4024 976 4088 extremitates,
998 4026 1089 4075 lenibus
1112 4021 1202 4072 alludit
1210 4021 1301 4090 stodiis

233 4103 286 4167 dit,
301 4100 373 4174 quod
394 4113 447 4154 tatu
466 4101 575 4156 sollicita
591 4102 623 4156 sit
639 4101 673 4156 de
684 4104 756 4157 viro,
788 4108 845 4157 levis
864 4104 975 4170 Auster(
981 4101 1070 4156 mollis
1091 4099 1180 4152 otnnia
1197 4109 1222 4151 et
1242 4111 1301 4170 apte
