2958 4704
492 345 914 412 nueoururruuu.
1169 347 1235 427 415

213 474 387 555 TlPllYS,
412 473 531 562 Hagnir'
549 471 648 549 lilius,
676 472 894 560 Apollodoro,
922 471 1071 560 Apollon.
1092 473 1127 554 1,
1154 473 1235 554 105;

170 583 320 672 Orpheo,
337 603 415 661 ¹2⁰3
436 580 582 660 Valerio,
599 580 628 661 Ι,
650 579 733 660 4813
756 579 821 644 rid.
838 579 1018 644 Escchenb.
1034 577 1075 642 ad
1090 579 1231 667 Orphea.

173 689 302 778 Hygino
326 709 404 750 sero
426 703 475 750 est
498 685 687 750 Phorbantis
708 701 741 749 et
761 684 916 769 Hynrenes
940 683 1046 766 filius,
1071 686 1236 766 Boeotius,

170 792 243 882 quse
266 809 370 858 mater
391 791 471 856 milri
494 794 624 879 penitus
649 791 768 879 ignota.
794 791 827 854 si
845 813 922 854 reru
941 791 1133 854 Phorbantis
1151 788 1235 856 filius
1352 813 1360 829 ¹

171 900 287 979 merit,
304 898 468 984 Hpres'rus
484 895 529 960 ibi
552 895 726 986 legendum
750 897 852 978 loret;
875 897 927 962 illa
950 897 1037 960 enim
1062 896 1241 960 Phorbanti

172 1019 288 1092 nupta,
302 1019 335 1067 et
349 1003 392 1067 ita
409 1001 525 1091 Tiphys
541 1001 641 1066 luisse
658 1002 757 1066 frater
769 1003 910 1082 Actor-ir,
927 1003 961 1064 ln
980 1025 1047 1090 quo
1068 1001 1109 1066 de
1133 991 1235 1066 Phor'·

171 1109 265 1174 berete
288 1107 433 1197 quedam
462 1107 656 1174 notavimus.
680 1107 800 1172 Netum
828 1106 927 1172 fuisse
951 1107 1141 1196 Aphormii,
1164 1109 1239 1172 loeo

172 1213 436 1304 Tlrespiensium,
450 1228 484 1276 et
502 1214 621 1276 famam
638 1211 836 1294 obtinuisse,
860 1211 906 1276 ibi
926 1213 1065 1278 solutam
1085 1229 1118 1276 et
1136 1213 1234 1279 redu·

172 1341 244 1384 cern
259 1318 425 1408 appulsam
444 1319 543 1384 fuisse
562 1341 695 1398 narem,
721 1317 800 1382 dicit
818 1317 1000 1406 Stephanus
1013 1318 1047 1381 in
1062 1321 1190 1399 luepuls-
1205 1337 1237 1384 et

172 1424 250 1489 hine
266 1425 418 1512 Orpheus
435 1435 592 1489 &merten
610 1423 749 1505 flumen,
774 1422 952 1512 Smdoeum,
968 1423 1061 1502 cujus
1076 1439 1109 1488 et
1125 1427 1241 1488 memi-

172 1529 222 1592 nit
246 1527 398 1617 Apollon.
421 1529 583 1594 transiisse
610 1527 707 1605 dicit,
735 1528 810 1592 licet
838 1529 891 1592 alii
920 1549 960 1592 ex
983 1529 1087 1617 Tipha
1114 1528 1238 1620 oppido

87 1639 91 1648 “
172 1635 349 1700 oriundum
372 1635 490 1717 velint;
516 1635 590 1700 vide
619 1635 756 1700 Pausan.
784 1636 853 1716 IX,
878 1634 929 1700 33.
961 1637 1081 1725 Regem
1110 1635 1238 1700 Aulidis

172 1739 272 1806 fuisse
290 1740 422 1828 quidam
439 1755 574 1829 putant,
598 1763 637 1804 ex
654 1741 783 1804 Seneeae
799 1739 888 1804 Med.
907 1763 955 1804 rs.
969 1741 1050 1822 622;
1070 1763 1168 1829 quem
1186 1741 1240 1806 alii

172 1845 214 1910 ad
237 1845 413 1924 Canthum,
435 1845 489 1909 alii
512 1845 554 1909 ad
570 1847 727 1932 Erginum
747 1847 908 1927 referunt,
932 1845 990 1910 sed
1016 1869 1076 1910 nos
1103 1848 1149 1911 ibi
1173 1849 1237 1927 jam

173 1951 269 2018 nobis
291 1952 440 2016 nondum
462 1953 585 2039 liquere
608 1951 899 2040 pronuntiavimus.
925 1952 1016 2017 Obiit
1038 1953 1071 2016 in
1094 1954 1166 2041 ipso
1186 1953 1239 2017 in'·

174 2080 267 2139 nere,
286 2073 323 2122 ut
338 2057 489 2146 Apollon.
507 2057 556 2137 ll,
576 2057 657 2138 8563
680 2058 737 2122 ubi
754 2056 827 2121 ride
842 2079 915 2145 quse
933 2059 1100 2123 Scholiast.
1121 2076 1153 2122 et
1167 2059 1238 2122 val.

173 2164 220 2228 Fl.
231 2164 271 2246 V,
289 2164 346 2244 153
361 2163 481 2252 Hygin.
496 2163 559 2228 fab.
577 2163 633 2245 18,
651 2179 685 2228 et
696 2163 748 2228 alii
767 2179 934 2228 notarunt.
952 2165 1143 2229 Ammianus
1156 2165 1240 2230 Mar

174 2263 244 2336 oell.
261 2270 318 2335 lib.
333 2269 441 2350 xxfl,
456 2269 488 2350 8,
502 2270 571 2350 ejus
588 2283 839 2334 monumentum
856 2285 890 2333 et
905 2269 1043 2334 Idmonis
1056 2287 1089 2334 et
1104 2270 1244 2335 Stheneli

176 2396 244 2438 non
261 2375 358 2464 louge
373 2398 392 2439 a
405 2375 574 2440 Tibarenis
588 2390 621 2438 et
634 2373 843 2440 Maerouibus
860 2395 929 2439 esse
946 2391 1064 2440 narrat.

218 2547 405 2628 TYDEUS,
426 2547 539 2614 OEnei
554 2546 655 2627 lilius,
673 2546 826 2636 Meleagri
843 2545 951 2626 frater,
967 2548 1114 2635 quamvis
1132 2572 1169 2614 ex
1190 2547 1241 2612 di·

173 2673 265 2716 versa
288 2668 408 2734 matre,
427 2652 481 2715 hic
505 2651 593 2715 enim
621 2673 660 2714 ex
683 2649 832 2730 Altleaen,
853 2650 985 2737 Tydeus
1012 2673 1050 2716 ex
1075 2653 1240 2734 Pendere,

175 2759 342 2848 Hipponoi
363 2755 427 2821 filia
446 2757 585 2846 (Hygin.
604 2757 668 2820 fab.
683 2757 742 2843 69,
759 2755 817 2820 ubi
833 2755 905 2820 vide
924 2757 1095 2844 Munker.)
1113 2781 1184 2846 quas
1200 2759 1242 2825 ab

175 2861 244 2926 eliis
255 2861 426 2946 Euryboea,
437 2876 475 2923 ut
485 2859 626 2924 vidimus
641 2861 777 2923 similem
792 2860 1001 2924 variationem
1013 2861 1047 2924 in
1066 2861 1243 2928 Telamonis

175 2989 287 3032 uxore.
305 2969 353 3032 De
366 2965 433 3046 ejus
448 2988 566 3056 genere
580 2967 644 3056 egit
660 2967 755 3030 etiem
770 2965 927 3042 Maserius
941 2964 981 3030 ad
996 2967 1064 3030 Val.
1075 2967 1243 3050 Flaccum,

177 3073 208 3153 l,
223 3071 305 3160 3873
322 3095 404 3163 seepe
418 3095 436 3136 a
449 3071 577 3136 Valerio
594 3073 729 3154 Flacco,
741 3072 815 3136 licet
830 3072 968 3136 omissus
979 3073 1020 3135 sit
1032 3073 1074 3137 ab
1084 3073 1163 3156 allis,
1175 3074 1244 3154 ejus

176 3181 297 3261 virtus,
324 3180 477 3270 Meleagri
508 3178 614 3242 fratris
645 3179 837 3260 conjuncta,
861 3177 1058 3261 celebratur,
1085 3179 1147 3244 vid.
1173 3181 1244 3264 111,

184 3291 264 3368 104,
281 3285 434 3374 705;1V,
452 3284 532 3366 aad,
551 3301 584 3350 et
597 3286 638 3364 V,
662 3283 735 3372 574.
752 3283 984 3348 Porthaonides
999 3301 1134 3350 vocatur
1147 3288 1243 3352 etiem

179 3393 248 3474 ejus
258 3394 355 3456 freter
367 3391 536 3482 Meleager,
545 3391 611 3470 llI,
626 3389 700 3480 705,
712 3389 768 3454 ubi
778 3389 831 3454 alii
846 3389 957 3474 Tydea
968 3391 1164 3480 intelligunt.
1182 3392 1244 3458 Sed

178 3497 219 3563 de
242 3499 306 3562 hoc
328 3499 554 3586 patronymico
581 3498 763 3562 remisimus
787 3519 882 3585 supra
906 3497 1059 3562 lectorem
1082 3498 1123 3564 ad
1141 3499 1244 3565 Hein-

178 3605 263 3668 sium
284 3604 316 3667 in
337 3602 432 3668 Ovid.
449 3603 526 3668 Met.
534 3602 632 3684 Vlll,
648 3600 721 3681 541.
743 3603 895 3668 Portlreru
909 3602 962 3666 ille
978 3603 1019 3668 ab
1034 3605 1179 3688 Homero
1194 3605 1244 3670 di·

178 3711 274 3790 citur,
289 3706 375 3772 lliad.
391 3709 490 3788 Xlll,
507 3708 584 3789 115,
602 3708 659 3772 ubi
672 3709 860 3774 Eustathius
872 3708 1032 3773 ridendus
1045 3726 1102 3774 est.

226 3887 373 3969 ZETES,
386 3889 496 3952 Boron
512 3887 614 3968 filius,
628 3887 725 3952 fralet
740 3888 897 3970 Caleidrs,
913 3890 944 3951 in
964 3912 1030 3976 quo
1045 3887 1085 3952 de
1097 3889 1157 3953 illis
1170 3889 1247 3953 dixi-

181 3976 332 4080 mrnju
355 3994 411 4058 uo
434 3996 558 4060 ussum
580 3997 604 4058 z
630 3993 728 4058 uun
755 3992 918 4058 invenem
944 3993 1040 4057 erasis
1061 3995 1246 4084 stymorogr

182 4101 288 4188 magni
306 4118 424 4164 auctor
439 4101 470 4164 in
487 4111 573 4180 Ζῆτα,
590 4097 701 4187 quide
720 4123 759 4162 eo
779 4101 892 4188 etegit
909 4101 943 4161 in
960 4109 1048 4168 Ζήτης.
