2994 4702
538 383 908 452 ARGONAUTICA.
1197 384 1260 451 315

229 517 378 582 Defessus
398 517 546 604 quamvis
562 517 784 592 conscendere
796 519 894 599 jussit
908 519 1048 599 amicos,
1211 536 1261 576 11³⁵

228 630 280 696 Ad
292 652 375 717 quos
391 647 441 698 est
452 631 562 698 verbis
574 631 700 698 blandis
714 656 847 723 quoque
855 655 963 722 ⁴pauca
978 633 1156 720 loquutus:

270 774 284 800 ι
297 747 396 810 Nunc
414 746 510 812 etiam
527 746 659 830 durate,
675 749 753 814 viri:
772 749 867 814 labor
881 749 1019 813 ultimus
1037 747 1092 812 hio
1107 763 1173 829 est,
1233 781 1237 790 ·

230 860 307 944 Quo
324 883 385 925 nec
397 861 463 942 jam
478 863 606 953 gravior
619 862 791 946 succedet3
802 864 935 952 jamque
951 879 1013 952 ego
1027 863 1131 928 claros
1171 920 1174 928 ,

189 1029 191 1032 .
233 974 368 1062 Aspicio
384 976 526 1066 Zephyri
541 975 652 1060 llatus3
672 977 876 1066 stridentque
893 999 951 1066 per
967 976 1074 1042 undas

232 1088 353 1158 Oceani
374 1091 454 1155 mibi
468 1113 535 1156 non
558 1094 677 1184 ignotae
695 1095 812 1159 fortius
826 1116 923 1159 aurae.
1212 1111 1265 1156 nto

231 1203 293 1268 Sed
307 1227 444 1295 propere
458 1207 581 1272 malum
596 1207 705 1274 media
720 1205 844 1274 firmate
863 1209 992 1290 canna,

230 1318 349 1384 Solvite
362 1321 431 1386 vela
446 1323 513 1388 suis
528 1321 569 1387 de
586 1321 743 1404 funibus,
765 1345 855 1388 anua
871 1339 1020 1412 perantes

230 1433 374 1517 Ordine,
396 1435 509 1502 dextra
531 1438 613 1504 latus
627 1438 774 1528 prudens
790 1454 928 1504 exornet
941 1453 1154 1525 utrumque».

274 1550 326 1615 sic
344 1551 390 1614 illi
410 1571 571 1643 peragunt
584 1555 730 1620 certatim
750 1569 885 1636 cuncta,
902 1551 959 1618 sed
975 1555 1043 1617 imo

231 1665 379 1732 Efundo
399 1691 561 1736 resonans
573 1669 629 1734 dat
645 1693 759 1736 vocem
776 1672 904 1736 concita
916 1672 1027 1760 fagus,
1214 1686 1269 1730 nas

232 1783 381 1872 Argolica
398 1785 500 1850 Pallas
517 1785 621 1852 secuit
639 1809 737 1874 quam
755 1785 827 1850 diva
848 1785 998 1874 bipenni,

234 1899 340 1986 Atque
355 1899 401 1964 ait
416 1899 464 1988 (at
477 1901 601 1966 circum
617 1917 731 1991 stupor
747 1900 824 1966 inde
842 1901 1002 1966 invaserat
1016 1898 1162 1987 omnesl:

277 2043 292 2070 ι
302 2015 377 2080 Heu
390 2016 460 2079 me!
481 2037 623 2104 namque
637 2016 763 2082 utinam
776 2015 887 2080 collisa
904 2031 939 2080 et
952 2014 1078 2104 perdita
1091 2013 1222 2080 dudum

235 2129 372 2217 Cyaneis
387 2132 486 2219 petris
502 2131 623 2198 Euxini
641 2132 675 2196 in
692 2129 843 2198 fluctibus
856 2153 977 2213 essem,

235 2244 343 2328 Quam
358 2268 446 2310 nunc
460 2247 597 2314 stultitia
607 2269 724 2336 regum
742 2246 811 2310 hoec
827 2245 1003 2335 opprobria
1018 2265 1189 2334 nunquam
1215 2269 1272 2307 ηε.)

236 2359 366 2426 Credita
378 2361 576 2451 perferrem!
592 2385 670 2428 nam
685 2383 739 2426 me
756 2361 822 2426 sera
837 2383 964 2450 semper
978 2361 1119 2450 Erinnys

237 2475 368 2564 Absyrti
385 2477 496 2541 effuso
506 2477 634 2566 cognati
651 2499 732 2541 saera
745 2497 864 2540 cruore

227 2591 265 2652 -Α
279 2605 369 2678 tergo
382 2591 583 2680 insequitur3
597 2589 725 2654 damnis
741 2609 874 2678 quoque
888 2588 1006 2670 damna
1019 2605 1204 2680 gravantur.

239 2705 304 2770 llas
319 2705 419 2794 igitur
433 2703 506 2770 etesi
523 2726 633 2794 peenas
646 2705 841 2792 scelerisque
857 2703 990 2768 nefandi

208 2855 215 2867 ·
239 2818 373 2883 Perlero
393 2817 504 2884 fatales
521 2841 611 2884 nunc
625 2819 692 2884 huc
708 2819 848 2907 impulsa
864 2841 923 2908 per
944 2817 1060 2885 undas.
1219 2837 1275 2875 νήει

240 2935 331 3016 Quin
344 2956 402 2998 vos
418 2957 472 2998 rue
485 2933 627 3022 scopulis
645 2932 742 2998 sacris
761 2933 928 2998 immittite
943 2949 1052 3014 terrae,

240 3051 347 3136 lnque
364 3049 455 3116 sinus
471 3063 603 3114 nostros
617 3049 721 3138 pelagi
737 3046 907 3136 perducite
921 3049 1043 3131 nostri,

240 3167 473 3253 Oceanumque
489 3179 594 3248 extra,
607 3181 705 3254 atque
721 3165 882 3230 Atlantica
897 3181 1043 3230 monstra
1056 3166 1195 3230 feratis».

285 3281 337 3346 Sic
354 3281 451 3348 effata
466 3281 586 3370 premit
600 3303 733 3364 vocem,
748 3295 819 3348 tum
838 3279 987 3345 funditus
1001 3281 1108 3345 omnis

241 3397 297 3462 Vis
310 3397 410 3462 animi
423 3395 544 3484 Minyis
557 3396 745 3485 obtorpuit,
762 3393 895 3460 horrida
909 3395 975 3460 fata
1223 3415 1276 3451 ,ιω
1382 3409 1390 3426 .

242 3511 407 3576 AEsonidae
426 3509 545 3576 nimios
558 3511 684 3599 passuri
702 3525 836 3599 propter
848 3532 991 3586 amores,

243 3623 412 3713 Multaque
425 3647 483 3714 per
500 3645 614 3692 sensus
633 3623 769 3686 volvunt
782 3623 816 3685 in
828 3637 960 3710 pectore
975 3645 1123 3702 emarus,

243 3743 295 3806 An
310 3763 424 3804 sacram
442 3739 531 3806 ferro
551 3739 731 3830 perimant,
748 3754 782 3803 et
796 3738 939 3828 piscibus
959 3763 1065 3804 escam

244 3854 392 3920 Medeam
404 3856 540 3938 jaciant,
553 3871 641 3920 retro
660 3869 693 3918 et
706 3867 848 3918 vertatur
862 3856 1020 3944 Erinnys,

246 3969 288 4034 Ni
304 3971 368 4034 cito
384 3971 535 4037 sensisset
550 3971 788 4060 superinclytus
805 3969 928 4036 AEsone
941 3987 1056 4052 natus,

247 4083 468 4173 Flcxissetque
481 4087 578 4169 iram,
596 4103 694 4174 atque
712 4087 836 4151 aniruos
854 4085 1013 4174 cujusque
1033 4085 1208 4174 precando.
