3002 4680
368 405 766 512 C.VALER11
796 398 1070 506 FLACCI

520 655 728 738 sertui
762 651 942 732 utum

346 859 1118 996 ARGONAUTICON

455 1123 635 1203 LIBER
675 1118 996 1204 SEPTIMUS.

537 1329 901 1366 ww.-

403 1500 650 1570 ANALYSIS
681 1497 821 1568 LIBRI
853 1495 1073 1566 SEPTIMI.

201 1667 269 1720 Post
284 1662 384 1740 epulas
403 1661 433 1718 in
448 1662 556 1740 palatio
572 1661 609 1720 ad
627 1679 721 1720 seram
738 1671 853 1718 noctem
868 1669 1030 1736 protractas
1043 1656 1189 1732 utrimque
1205 1667 1269 1714 tan-

241 1751 307 1812 dem
323 1751 496 1832 disceditur&
514 1751 620 1812 Medea
637 1765 734 1812 autem
753 1752 914 1809 insomnem
931 1748 1061 1826 transigit
1076 1761 1201 1820 noctem,
1220 1768 1271 1806 va-

242 1844 292 1902 riis
307 1845 396 1904 animi
409 1845 516 1922 agitata
534 1843 677 1916 motibus,
697 1863 823 1922 quorum
839 1860 955 1901 causam
978 1845 1114 1900 Iasonem
1133 1859 1194 1900 esse
1215 1839 1271 1900 sihi

240 1937 304 2013 ipsa
314 1936 433 2014 quidem
447 1938 562 2008 latetur,
578 1957 632 1995 nec
647 1951 758 2008 tamen,
769 1955 826 2014 qua
840 1935 952 1996 ratione
967 1934 1059 2013 optati
1073 1953 1194 2012 compos
1205 1934 1276 2006 liat,

242 2030 395 2107 perspicit,
410 2030 502 2089 1-25.
526 2029 670 2089 Postridie
689 2035 777 2090 Jason
798 2047 895 2107 regem
914 2027 1039 2088 victoria
1059 2027 1156 2086 laetum
1176 2027 1274 2086 denuo

243 2120 412 2182 adeundum
432 2135 527 2194 ratus,
550 2123 591 2180 nil
613 2120 706 2195 aliud,
725 2141 813 2200 quam
830 2135 935 2200 sponte
958 2119 1013 2180 sibi
1036 2141 1156 2185 aureum
1182 2121 1274 2180 vellus

244 2212 375 2272 oblatum
388 2214 435 2290 iri,
446 2227 559 2292 sperat,
570 2215 687 2272 26-31.
703 2219 838 2274 Frustra:
855 2235 906 2276 rex
922 2214 998 2272 enim
1013 2213 1111 2272 denuo
1125 2211 1274 2272 audaciam

245 2306 512 2386 impudentiamque
534 2308 634 2367 Iasoni
651 2306 827 2386 exprobrat,
842 2307 893 2385 qui
912 2307 996 2366 terris
1017 2327 1034 2364 e
1054 2307 1218 2386 longinquis
1236 2305 1276 2364 nil

247 2401 302 2460 nisi
317 2400 419 2479 praedo
439 2397 605 2474 advenerit,
626 2414 660 2460 ut
678 2401 801 2460 donaria
821 2421 838 2458 e
859 2400 988 2480 templis,
1010 2411 1164 2477 natasque,
1183 2399 1207 2456 si
1231 2397 1275 2456 dis

248 2493 368 2571 placeat,
378 2495 473 2572 rapiat
485 2507 573 2572 attpre
587 2513 684 2554 secum
699 2493 834 2554 abducat.
847 2519 859 2546 α
871 2495 902 2553 Si
918 2507 1027 2566 tamen,
1040 2493 1080 2552 sic
1094 2491 1198 2570 pergit,
1210 2511 1278 2570 per-

249 2599 323 2659 stas,
337 2606 406 2665 age,
428 2601 527 2646 tauros
546 2587 576 2646 in
591 2607 662 2665 agro
678 2587 715 2646 ad
730 2586 835 2646 urbem
848 2587 904 2645 sito
920 2585 1082 2664 ignivomos
1099 2597 1196 2642 aratro
1207 2583 1277 2660 jun-

248 2697 314 2756 gas,
324 2699 379 2736 nec
393 2678 532 2751 deerunt,
546 2699 613 2758 quae
625 2698 679 2756 per
688 2679 785 2738 sulcos
796 2697 929 2758 spargas,
943 2678 1062 2738 semina.
1070 2681 1178 2736 Tecum
1192 2675 1280 2753 igitur

249 2769 375 2847 tuisque,
388 2789 462 2848 quos
471 2771 579 2848 jactas,
595 2790 663 2829 oum
684 2771 739 2830 diis
753 2770 918 2850 perpende;
932 2785 985 2830 neo
1000 2771 1057 2830 nisi
1071 2771 1157 2828 unius
1169 2787 1280 2828 moram

249 2862 342 2922 noctis
355 2861 410 2921 tihi
423 2862 582 2936 concedo»,
595 2865 700 2937 32-77.
716 2862 820 2934 Medea
831 2862 868 2921 ad
881 2863 943 2920 haec
955 2863 1047 2941 patris
1060 2861 1191 2920 crudelia
1201 2859 1280 2938 jussa

249 2954 446 3014 contremiscit
459 2954 584 3035 pallida,
611 2957 748 3035 timetque
768 2955 805 3014 de
824 2956 954 3034 hospite,
975 2955 1041 3033 qui,
1067 2975 1131 3033 quae
1151 2953 1281 3032 pericula

251 3046 346 3125 ipsum
366 3063 514 3121 maneant,
538 3051 659 3109 fortasse
672 3051 802 3128 ignorat,
818 3050 855 3123 78
867 3083 882 3094 -
897 3050 945 3107 81.
974 3053 1063 3108 lason
1083 3048 1165 3106 duris
1182 3045 1281 3104 verbis

130 3150 134 3174 '
252 3141 383 3220 increpat
397 3145 511 3220 tyranni
525 3145 695 3222 perfidiam,
718 3143 849 3222 nihilque
862 3163 893 3202 se
909 3141 1100 3202 resonuidare
1113 3141 1281 3211 confirmat,

252 3230 394 3310 quidquid
408 3233 496 3292 Peliae
510 3239 656 3313 AEewque
677 3234 842 3314 horumque
856 3237 963 3296 similes
977 3236 1093 3314 tyranni
1108 3253 1208 3293 omnes
1226 3232 1282 3291 sibi

253 3323 417 3402 imponant,
427 3339 457 3384 et
470 3326 511 3384 sic
525 3346 561 3386 ea
575 3329 641 3387 aula
655 3348 685 3387 se
697 3329 838 3408 proripit,
854 3330 992 3388 82-102.
1008 3329 1065 3388 Vix
1076 3328 1209 3398 attollere
1222 3328 1283 3385 vul-

253 3427 315 3474 tum
329 3435 399 3476 ama
414 3417 521 3478 Medea
534 3419 626 3480 oculis
640 3433 738 3480 tamen
750 3421 937 3500 prosequitur
951 3421 1122 3494 abeuntem,
1135 3420 1186 3497 qui
1200 3439 1283 3478 ntun-

255 3528 342 3586 quam
363 3523 448 3570 antea
467 3525 525 3570 tam
541 3513 663 3590 pulcher
683 3527 799 3592 tamque
815 3513 1002 3574 admirandus
1022 3527 1098 3573 esset
1115 3512 1203 3570 visus.
1219 3517 1283 3570 lam

255 3619 327 3660 vero
344 3621 413 3661 mox
426 3617 541 3682 sperat,
559 3606 639 3677 fore,
662 3619 694 3665 ut
707 3619 819 3685 patrem
833 3607 902 3666 saevi
913 3606 986 3684 jussi
1002 3607 1155 3686 poeniteat,
1169 3624 1238 3664 mox
1253 3604 1283 3661 in
1354 3601 1358 3614 ’

254 3694 381 3767 sororis,
399 3697 538 3756 comitum
559 3699 695 3756 matrisve
715 3699 780 3758 sinu
801 3717 886 3758 curas
900 3697 1049 3777 deponere
1064 3699 1164 3778 gestit,
1177 3697 1284 3776 patris-

255 3807 313 3866 que
333 3789 418 3848 solito
439 3789 574 3852 blandius
593 3811 695 3851 manus
716 3792 880 3864 osculatum
899 3791 1023 3853 subinde
1042 3804 1136 3851 totum
1150 3797 1287 3851 Iasonem

256 3880 354 3939 animo
364 3897 500 3942 excutere
515 3882 665 3943 allaborat.
682 3883 812 3944 Tandem
827 3905 929 3945 somno
943 3885 1056 3946 sedare
1070 3886 1165 3965 cupit,
1178 3885 1209 3944 in
1225 3873 1302 3962 quo'

258 3983 351 4030 tamen
369 3973 432 4052 ipso
448 3975 537 4034 modo
557 3975 717 4057 hospitem,
736 3977 824 4038 modo
841 3993 953 4056 patrem
975 3980 1120 4059 supplices
1134 3977 1190 4038 sibi
1207 3975 1286 4034 videt

256 4065 335 4136 lieri,
358 4068 513 4126 103-152.
531 4069 578 4127 Ad
592 4069 667 4130 hanc
681 4071 779 4130 animo
795 4071 907 4130 Medeae
920 4072 1142 4132 inconstantiam
1156 4069 1284 4130 evellen-

258 4155 324 4218 dam
338 4163 417 4218 luno
431 4162 552 4220 Veneris
568 4164 707 4224 arixilium
722 4163 820 4224 denuo
835 4165 987 4243 implorat,
1007 4165 1060 4225 153
1072 4199 1085 4210 -
1104 4185 1166 4237 170.
1186 4167 1285 4220 Venus
