3006 4676
425 389 553 456 NOVl
583 387 831 456 EDITORIS
861 387 1021 457 NO‘TAE.
1193 412 1257 477 217

190 503 287 559 lerum
298 505 366 558 latus
380 503 450 569 dici,
464 503 538 576 qu'od
555 501 764 575 ingredientibus
776 505 891 560 Pontum
905 521 952 575 pm
965 500 1133 574 bosphorum
1145 513 1202 555 erat
1214 502 1258 554 ln·

189 605 255 641 vum
264 625 272 650 ,
283 599 313 640 ut
323 587 409 640 inerat
418 605 510 642 revera
521 587 609 660 prima
622 585 802 659 crematione.
812 589 853 642 Itu
862 586 960 641 centies
968 584 1082 640 Ovidius
1090 585 1119 639 in
1128 585 1259 640 Tristibus

190 684 217 725 et
226 689 258 726 ex
269 677 363 738 Ponto,
376 673 499 724 amrinum
509 681 534 724 et
543 673 629 723 hrum
637 669 750 724 Pontum
759 670 834 726 dicit.

225 803 260 856 V.
273 783 323 872 189
328 835 707 856 ......................
722 805 780 854 inde
791 822 919 870 sequentur

333 888 412 955 Ipsius
426 888 505 936 amnis
520 885 574 947 iter,
587 888 666 937 donea
675 889 831 958 nosstunu'ne
841 900 907 936 certo

334 969 458 1038 Perstrot,
470 971 543 1037 inque
554 970 627 1020 alind
635 971 725 1020 reddat
734 987 812 1020 mare.

193 1077 237 1132 Sic
248 1077 421 1150 Wagnerus:
435 1103 449 1124 e
458 1075 576 1130 Humani
587 1076 631 1130 hic
643 1076 717 1131 aliud
730 1077 827 1132 accidit
839 1077 948 1130 Valerio
958 1094 966 1141 ;
980 1073 1042 1130 vide
1053 1077 1211 1131 Dorvillium
1226 1074 1262 1130 ad

193 1161 329 1216 Chariton.
342 1180 405 1236 pag.
417 1161 532 1234 261,qui
546 1159 699 1214 Danubium
709 1161 738 1215 iu
753 1160 917 1216 Adriaticum
937 1179 1045 1234 quoque
1063 1178 1136 1213 mare
1156 1158 1264 1214 effluere

194 1243 317 1298 credidit.
335 1243 415 1298 Hand
432 1243 479 1297 ebs
497 1261 528 1296 re
549 1243 642 1308 suerit,
663 1243 716 1298 huc
736 1244 877 1298 facientem
895 1242 1064 1316 adscripsisse
1076 1243 1165 1297 locum
1183 1241 1263 1296 Plinii

195 1329 261 1381 llist.
275 1329 337 1382 Nat.
355 1327 409 1394 111,
426 1329 478 1380 23:
499 1351 512 1372 ι
523 1326 628 1382 lstriam
647 1328 887 1400 cognominatam
903 1326 1012 1382 flumine
1029 1329 1098 1382 lstro
1116 1328 1144 1382 in
1154 1325 1265 1380 Adriam

144 1407 149 1412 ’
194 1411 317 1478 effluente
330 1430 346 1464 e
358 1411 480 1466 Danubio
489 1429 606 1464 amne...
619 1411 739 1485 plerique
748 1411 838 1466 dixere
851 1411 918 1467 laiso
932 1412 1035 1466 :nullus
1046 1412 1118 1466 enim
1131 1429 1163 1465 ex
1175 1415 1264 1465 Dauu-

194 1496 240 1549 bio
252 1495 337 1548 amuis
349 1497 378 1548 in
389 1513 462 1548 mare
471 1494 633 1550 Adriaticum
645 1496 799 1551 effunditur.
809 1499 939 1570 Deceptus
950 1495 1048 1561 credo,
1059 1495 1185 1568 quoniam
1195 1502 1264 1564 Argo

195 1582 263 1632 neeis
273 1579 382 1633 flumine
390 1579 419 1634 in
430 1598 502 1634 mare
511 1578 674 1634 Adriaticum
685 1579 832 1646 descendit,
842 1600 897 1636 non
904 1580 999 1653 procul
1006 1581 1130 1652 Tergeste
1138 1581 1264 1648 (ll-iesse),

195 1683 244 1717 nec
250 1666 305 1739 jam
315 1675 433 1728 constat,
444 1682 499 1736 quo
512 1663 629 1717 flumine.
644 1663 767 1718 Humeris
780 1677 925 1720 travectam
935 1666 1016 1738 Alpes
1026 1663 1204 1736 diligentiores
1213 1672 1266 1716 tra·

196 1747 279 1814 dnnt3
293 1747 403 1802 subiisse
417 1761 507 1802 autem
521 1750 606 1812 Istro,
619 1746 680 1801 dein
694 1749 774 1815 savo,
789 1747 849 1802 dein
864 1749 1012 1822 Nauporto,
1024 1747 1067 1804 cui
1081 1765 1177 1800 nomen
1192 1765 1222 1800 ex
1235 1763 1267 1799 ea

196 1848 274 1887 causa
288 1843 344 1898 est,
357 1832 426 1886 inter
438 1834 581 1886 AEmonam
594 1830 728 1904 Alpesque
739 1832 895 1886 exorienti».

231 1967 267 2020 V.
282 1974 339 2037 194.
351 1972 395 2018 Sat
411 1969 484 2028 rniAa',·
502 1986 551 2019 nora
572 1967 628 2018 toth
645 1972 713 2035 Argo
731 1970 797 2019 redit
813 1987 868 2019 ecee
885 1971 1014 2034 corymbis.
1025 1997 1061 2009 ·-
1072 1967 1133 2021 Nou
1147 1983 1215 2038 opus
1229 1976 1269 2020 est

197 2051 282 2123 ellipsi
293 2069 301 2104 τ
312 2062 397 2104 textus
410 2061 494 2122 potest
509 2050 546 2105 sic
566 2049 711 2122 explicari:
726 2063 767 2106 sat
783 2062 822 2106 est
840 2049 922 2118 mihi,
935 2051 1009 2124 quod
1024 2052 1095 2123 Argo
1108 2069 1162 2104 non
1176 2048 1268 2104 redeat

198 2153 259 2190 cum
271 2135 332 2189 totis
347 2135 490 2208 corymbis.

232 2267 267 2322 V.
279 2270 339 2323 208.
351 2273 402 2322 Illa
416 2271 549 2320 Thoanteae
563 2270 654 2342 tremit¹
663 2270 754 2339 antara
766 2271 914 2322 Ds‘anoe.-·
924 2268 1034 2341 Vulgnti
1045 2266 1144 2320 habent
1157 2269 1189 2318 de
1220 2285 1266 2327 aaa,

198 2351 272 2424 quod
283 2371 336 2406 non
350 2354 412 2408 satis
424 2363 524 2406 attento
536 2349 621 2406 videri
638 2351 722 2424 possit
740 2351 870 2424 respicere
888 2351 922 2406 ad
944 2352 1140 2425 prominentem
1150 2349 1179 2403 in
1193 2366 1266 2402 mare

199 2435 392 2490 Chersonesum
406 2437 559 2490 Tauricam.
575 2435 698 2490 Valerius
716 2447 805 2490 autem
828 2453 881 2490 non
902 2433 937 2488 de
956 2435 1013 2488 sola
1030 2431 1131 2488 Medeae
1148 2445 1267 2487 transre-

199 2519 285 2573 ctione
305 2519 434 2590 loquitur,
455 2518 502 2573 sed
518 2518 552 2572 de
571 2519 813 2586 commiseratione,
827 2537 880 2591 qua
892 2519 993 2590 ubique
1013 2529 1122 2590 excepta
1141 2515 1192 2568 sit:
1207 2533 1267 2588 quas

199 2602 432 2657 commiserationis
446 2603 519 2656 notio
531 2621 614 2676 quum
629 2603 657 2656 in
668 2602 834 2675 precedente
847 2607 994 2655 miserantur
1002 2621 1054 2656 non
1069 2602 1173 2666 minus,
1187 2617 1268 2671 quam

200 2686 228 2741 in
249 2685 417 2760 sequentibus
437 2702 537 2740 maerent
557 2698 583 2740 et
604 2701 730 2738 moventur
745 2686 821 2739 obvie
839 2686 890 2752 ait,
909 2685 1000 2740 eadem
1013 2686 1040 2738 in
1056 2683 1186 2738 versiculo
1199 2682 1268 2735 inter

200 2771 260 2826 illos
273 2770 361 2825 medio
371 2771 463 2825 abesse
471 2789 524 2824 non
535 2781 627 2841 potest.
639 2769 719 2822 Haud
728 2767 850 2840 dubitavi
860 2769 939 2841 igitur
950 2770 978 2822 in
989 2780 1089 2822 textum
1101 2765 1218 2839 recipere
1227 2769 1269 2816 de·

195 2861 272 2928 fleta,
284 2855 357 2929 quod
368 2854 450 2908 codex
461 2855 558 2926 Regius
571 2865 598 2907 et
609 2853 704 2906 Aldina
718 2855 871 2926 proferunt.
881 2854 940 2906 Jatn
954 2872 1015 2906 vero
1028 2852 1123 2917 habes,
1131 2868 1190 2922 que
1201 2848 1270 2902 desi·

201 2941 317 3006 deretur,
327 2938 561 2993 commiserationis
573 2937 678 2990 ideam:
692 2935 803 2989 delletur
815 2936 848 2989 ab
860 2935 918 3007 ipse
931 2939 1016 2987 Diana
1027 2933 1158 3000 Taurica,
1175 2935 1269 2984 Thoan·

202 3041 243 3078 sea
255 3025 315 3079 ideo
325 3024 397 3078 dicta
407 3065 415 3090 ,
424 3023 499 3097 quod
509 3023 652 3089 Thoantis,
663 3021 745 3093 patris
755 3021 914 3094 Hypsipyles
926 3019 1041 3073 Lemnia
1051 3016 1102 3086 (de
1111 3035 1166 3089 quo
1174 3016 1249 3088 plura
1261 3055 1269 3082 ,

202 3109 247 3164 lib.
258 3110 297 3175 11,
308 3110 360 3173 418
373 3109 435 3180 sq),
445 3119 536 3170 relate,
547 3105 713 3179 Iphigeniam
726 3124 758 3159 eo
769 3105 938 3159 transtulerat
948 3106 958 3173 (
967 3099 1114 3156 videOvid.
1123 3119 1156 3154 ex
1167 3099 1269 3166 Ponto,

202 3193 255 3255 111,
267 3209 294 3257 r,
308 3191 342 3260 59
355 3192 418 3261 sq.);
432 3187 510 3242 fletur
520 3207 594 3255 vero,
604 3199 735 3261 quatenus
751 3189 834 3242 Diana
847 3185 938 3257 eadem
952 3199 991 3240 est
1002 3204 1062 3258 que
1075 3184 1184 3249 Hecate,
1195 3186 1271 3256 cujus

203 3273 325 3328 sacerdos
337 3273 423 3326 fuerat
440 3270 552 3338 Medea,
564 3273 599 3339 V,
612 3279 674 3339 240,
688 3283 714 3325 et
726 3271 799 3325 alibi.
808 3297 821 3318 n
836 3303 871 3313 -
883 3271 927 3326 Sic
941 3270 1112 3341 Wagnerua,
1123 3269 1200 3339 cujus
1212 3265 1272 3338 opi·

203 3358 308 3411 aionem
321 3355 460 3410 confirmat
472 3355 518 3407 ille
530 3356 621 3420 locus,
632 3356 660 3410 in
673 3373 728 3427 quo
739 3353 832 3409 eadem
845 3353 948 3420 Diana,
958 3352 1070 3406 Hecates
1082 3347 1270 3415 nomine,llle·

205 3441 280 3494 desm
292 3439 371 3495 deflet
379 3477 388 3504 ,
397 3439 445 3492 lib.
456 3438 508 3500 VI,
518 3438 568 3510 495
579 3455 588 3491 ε

342 3557 409 3602 lianc
417 3553 521 3602 residens
532 3553 585 3601 altis
597 3555 683 3601 llecsts
692 3555 785 3602 Perseia
794 3555 853 3601 lucis

277 3657 280 3664 ·
346 3631 429 3679 Flebat.

240 3754 276 3805 V.
287 3772 346 3807 nro.
365 3757 531 3822 Hyperboreas
546 3754 620 3802 movit
632 3765 761 3818 conspecta
776 3755 886 3818 pruinas.
901 3781 935 3790 -
948 3749 1066 3802 Gallicus
1085 3747 1216 3818 interpres
1236 3745 1274 3798 ait

210 3838 282 3894 hunc
294 3855 416 3903 versum,

347 3954 385 4000 Du
394 3953 511 4006 sirmate,
527 3949 655 4004 hanseris,
673 3914 805 3997 lesldiesrts
817 3948 1004 4001 theandricam,

208 4057 312 4112 fidelem
326 4075 382 4112 ease
396 4056 469 4109 latini
483 4074 572 4110 versus
585 4057 732 4126 imaginem:
751 4053 772 4106 si
786 4054 909 4117 dixisset,
927 4055 1167 4121 interpretationem,
1186 4061 1273 4122 posset

208 4144 373 4217 aliquatenus
386 4141 465 4205 ferri3
479 4137 525 4196 sed
538 4144 668 4210 imaginem
678 4139 807 4193 diversam
819 4155 943 4210 prorsua,
960 4137 1018 4208 quis
1030 4154 1085 4188 non
1097 4132 1188 4188 videti
1206 4130 1277 4188 Hinc
