3002 4680
30 590 40 624 l

434 387 828 455 ARGONAUTICON
854 391 941 456 LIB.
966 391 1025 456 vt.
1225 391 1268 481 37

235 517 317 602 Quis
336 519 463 608 gravior
477 533 627 608 nutuque
641 519 761 584 cadens
776 520 932 586 exterruit
946 520 1047 586 idam.

231 633 327 698 Tunc
342 633 426 717 ruit,
443 649 482 698 ut
497 634 618 699 montis
635 634 734 717 latus,
750 647 807 699 aut
821 651 861 700 ιιι
876 635 1025 701 machina
1041 639 1145 719 muri,

235 745 317 830 Quas
334 747 475 838 scopulis
489 747 702 837 trabibusque
715 747 773 815 din
786 749 1000 840 coniectaque
1013 749 1150 816 flammis

233 861 415 926 Procubuit
431 875 559 946 umen,
577 878 674 952 atque
689 863 855 953 ingentem
866 864 1011 954 propulit
1026 865 1153 930 urbem.
1222 885 1259 924 ιιι

278 977 362 1042 Ecce
378 977 487 1042 locum
501 993 696 1068 tempusque
712 993 818 1061 ratus,
834 979 965 1068 jamque
981 995 1014 1044 et
1031 1002 1087 1045 sua
1103 982 1193 1071 posci

232 1090 362 1175 Praelia,
376 1092 508 1158 falcatos
524 1093 623 1158 insert
636 1093 844 1158 Ariasmenus
855 1115 946 1178 axes,

232 1205 385 1296 Soesaque
399 1206 555 1274 diffitndit
568 1209 694 1277 socium
704 1209 799 1298 juga,
812 1209 962 1298 protinus
978 1231 1093 1274 omnes

231 1319 448 1410 Graiugenas,
468 1344 582 1388 omnes
598 1340 749 1413 rapturus
764 1323 805 1388 ab
821 1325 949 1414 agmine
964 1325 1113 1390 Colchos.

233 1431 396 1518 Qualiter,
411 1457 527 1501 exosus
540 1435 673 1526 Pyrrha
686 1460 806 1528 genus,
821 1461 950 1528 oequora
964 1463 1076 1504 rursus
1222 1456 1258 1505 tu

230 1549 357 1637 Jupiter
368 1563 466 1638 utque
479 1573 592 1617 omnes
604 1551 739 1617 flurium
754 1553 780 1616 si
794 1551 911 1618 fundat
921 1551 1081 1633 habenas,

229 1661 338 1728 Ardua
350 1661 482 1730 Parnasi
498 1666 616 1732 lateant
628 1667 721 1756 juga,
735 1667 866 1732 cesserit
880 1667 1002 1756 Othrys

229 1775 376 1868 Piniger,
392 1795 424 1844 et
438 1781 550 1846 mersis
564 1779 750 1847 decresoant
761 1781 897 1872 rupibus
908 1781 1021 1870 Alpes:

215 2005 269 2056 382.
288 2009 350 2072 Quin
368 2013 437 2056 etiarn
456 2013 557 2073 grauior.
575 2013 649 2060 Velie.
671 2023 695 2058 et
708 2013 800 2060 Boaom
815 2009 886 2061 codd.
905 2010 966 2072 Quin
982 2009 1080 2072 grauior.
1096 2005 1155 2053 lidd.
1172 2013 1257 2067 praeter

184 2087 238 2134 Ald.
258 2090 365 2152 ttuuqu
380 2105 469 2138 carens.
481 2091 557 2140 Vatis.
573 2101 597 2140 et
609 2091 699 2140 bonon.
715 2091 785 2138 codd.
807 2093 898 2138 bonna.
919 2092 938 2137 1.
959 2089 1024 2136 cerr.
1041 2113 1071 2124 —
1090 2085 1143 2134 ³8⁵.
1159 2087 1257 2134 Protulit

184 2165 268 2212 urbem.
278 2167 353 2214 vnete.
362 2168 414 2214 cod.
425 2195 455 2206 -
467 2170 520 2232 389.
531 2171 569 2218 At
581 2173 680 2234 inguim.
691 2173 756 2218 lunt.
770 2167 822 2216 ati.
836 2171 937 2233 Eugent.
951 2169 994 2216 ttn.

183 2386 349 2443 vacillatione
360 2392 479 2463 corporis
490 2427 498 2454 ‚
510 2396 603 2446 cadens
615 2407 695 2446 exter·
739 2411 802 2446 vum
811 2391 943 2445 dilnvium
950 2391 1008 2444 orbi
1019 2389 1254 2444 terrarsrrnimmit-

182 2468 312 2519 ruitldam
326 2471 524 2542 Angonantam
542 2473 585 2528 etti
597 2473 695 2529 cadens
739 2481 819 2536 teret,
839 2471 912 2544 quod
934 2481 1060 2525 ornatum
1084 2471 1119 2522 ab
1138 2468 1252 2522 ellectu:

182 2543 472 2605 adbucfnitterribilis.
739 2555 846 2621 qualiter
855 2569 945 2606 exosus
955 2553 1055 2617 Pyrrhae
1065 2567 1161 2618 genus,
1177 2559 1253 2600 etate

218 2623 278 2679 383.
294 2631 362 2681 tanc
382 2633 441 2694 mit,
459 2646 488 2683 ut
502 2637 590 2686 montis
611 2637 691 2696 laus,
738 2633 794 2704 ejus
802 2632 921 2685 viventes
931 2634 943 2701 (
953 2633 1060 2682 seeubtrn
1070 2631 1186 2696 Pyrria,
1198 2627 1253 2680 llo·

182 2717 226 2756 aut
242 2717 268 2756 ιιι
287 2711 404 2762 maclines
423 2715 500 2774 sauri,
519 2711 618 2778 turris,
637 2731 694 2781 quae
737 2710 889 2776 ral.Od.I,
903 2713 1253 2779 s),.lupitereequorarursus

184 2787 299 2852 seopulis,
313 2789 379 2842 saxis
390 2789 542 2862 ingentibus
556 2809 570 2846 e
582 2802 695 2844 tormen·
739 2791 1252 2859 atqueomnesfluuionsnsfisndatlrabenar

181 2861 215 2914 tis
233 2863 335 2934 missis,
360 2873 530 2937 trabibusque,
551 2871 675 2924 ametibue
684 2911 693 2937 ,
738 2871 893 2939 (translatio
909 2867 1081 2934 audaciori),
1096 2879 1142 2930 ut,
1156 2869 1203 2937 qui
1216 2869 1254 2919 al·

181 2943 342 3013 confectaque
341 2950 469 3021 flammis,
480 2949 608 3005 malleolis
617 2989 625 3014 ,
631 2969 693 3018 pro-
737 2949 831 3002 tissimi
841 2947 975 3000 liabentnr
984 2957 1102 3007 montes,
1116 2947 1192 3016 aquis
1206 2947 1252 2998 ob-

181 3025 348 3079 eubuittarneu
360 3030 371 3100 (
381 3027 476 3082 melius
489 3031 694 3110 perdemusque
737 3041 861 3092 reantur,
874 3031 955 3079 ardua
962 3027 1068 3077 Parnasi
1067 3027 1134 3094 juga
1142 3028 1250 3085 lateant,

180 3104 304 3171 lugentem
318 3111 429 3177 propulit
449 3113 546 3170 unlern,
566 3127 693 3181 magnam
733 3113 833 3178 piniger
848 3111 937 3174 ostrys
954 3105 1075 3180 'lbracisa
1091 3107 1206 3164 cesserit,
1228 3119 1254 3154 et

180 3183 250 3235 muri
260 3185 386 3258 urbisque
394 3199 496 3260 partem
509 3207 598 3242 secum
608 3189 691 3262 rapit:
737 3191 822 3241 mersis
832 3191 977 3240 decrescunt
985 3186 1081 3254 napibus
1094 3187 1176 3252 Alpes.
1191 3183 1252 3236 Non

180 3263 250 3314 soni.
259 3262 351 3318 Silium
360 3266 419 3321 Ital.
428 3268 457 3332 1,
472 3269 521 3324 362
533 3285 586 3342 seq.
737 3265 882 3342 injucunde
890 3267 976 3320 variat
984 3265 1163 3320 elocutionem
1172 3264 1251 3316 Vale·

216 3339 343 3407 385416.
355 3343 430 3402 Alius
443 3347 603 3422 Scytharum
618 3347 691 3413 dux,
736 3349 806 3404 rius:
819 3363 995 3419 merguntur...
1010 3348 1247 3400 latent...eedunt...

179 3421 355 3484 Ariasmenus,
376 3425 403 3477 in
419 3445 537 3500 pugnam
551 3427 691 3500 procedit,
737 3433 886 3482 decrescunt.
902 3429 960 3483 Hoc
977 3426 1100 3480 altimum
1113 3425 1142 3476 in
1155 3425 1249 3496 primis

179 3499 299 3554 curn'bus
309 3501 411 3558 falcatis
422 3505 563 3561 instructus
575 3546 582 3571 ,
597 3508 693 3578 quibus
737 3499 840 3563 natura
851 3505 1081 3563 accommodatum
1090 3523 1098 3570 3
1108 3523 1162 3577 qno
1171 3506 1250 3559 altius

178 3577 286 3633 tandem
299 3581 355 3654 ipse
367 3585 526 3641 conciditur.
538 3593 692 3656 Suaetproe·
736 3589 809 3641 enirn
831 3599 974 3660 assurgunt
996 3603 1089 3658 aqua,
1110 3601 1142 3636 eo
1167 3587 1250 3656 magis

178 3662 214 3710 iia
227 3675 295 3712 ratsu
304 3667 388 3732 posci,
401 3685 466 3718 soeua
481 3667 599 3738 drffitndit
612 3669 689 3718 socio-
733 3669 861 3723 minuitur
877 3667 1008 3721 montium
1029 3662 1149 3718 altitudo.
1164 3667 1249 3718 Auso·

179 3755 232 3790 ”lm
247 3743 327 3812 juga,
353 3763 447 3798 currus
469 3747 498 3799 in
523 3745 689 3800 latitudinem
732 3747 1248 3818 niusinldosella,146‚147:magna

179 3819 293 3873 extendit
304 3861 312 3887 ,
322 3827 434 3892 protinus
448 3841 560 3895 raptante
571 3829 603 3877 ab
616 3831 691 3896 agmi-
734 3843 838 3898 surgunt
843 3833 967 3897 AEquora,
976 3829 1104 3896 vicinique
1112 3829 1197 3876 tinent
1206 3831 1247 3877 de·

178 3915 226 3959 πθ,
236 3909 334 3954 lenam
346 3901 397 3956 sibl
407 3903 586 3977 persuadens,
599 3923 626 3959 se
636 3915 688 3958 sta·
733 3927 842 3961 erescem
852 3922 954 3960 montes.
964 3905 1044 3959 Conl.
1057 3905 1247 3978 supra,11‚6,

178 3977 226 4032 tim
243 3981 383 4054 primoque
399 3983 500 4058 impetu
513 3986 618 4042 ordines
631 3997 688 4038 tut·
733 3989 796 4051 ubi,
810 4005 864 4058 quo
880 3987 982 4058 longius
1003 3985 1073 4058 Argo
1097 4003 1145 4057 per
1163 3985 1246 4036 altum

180 4057 302 4113 buturum
318 4066 456 4116 Graecumue
473 4078 497 4117 et
509 4069 657 4118 Griclorrun.
733 4067 866 4138 procedit,
886 4086 916 4120 eo
935 4065 1050 4120 minores
1070 4075 1197 4137 apparent
1217 4065 1245 4114 in

217 4139 275 4205 390·
287 4141 347 4196 Non
358 4159 448 4211 secus,
463 4163 493 4198 ac
503 4147 523 4198 si
533 4145 636 4218 Jupiter
644 4165 690 4198 no·
733 4145 805 4200 Pelio
821 4159 911 4200 monte
929 4147 1006 4210 orni,
1025 4143 1109 4198 donec
1132 4143 1244 4215 superli-
