3022 4678
247 367 307 432 136
528 373 562 434 C.
588 371 793 437 VALERH
825 376 1011 439 FLACCI

286 498 486 582 AEsoniden3
500 501 623 565 iiberne
635 502 719 568 freto
732 505 798 583 jam
812 507 919 571 vultus
938 523 1068 594 aperto,

287 615 396 702 thue
412 615 501 702 prius
518 631 625 680 totum
638 617 728 682 sileat
743 641 850 684 mare:
865 618 1009 708 dumque
1027 642 1064 684 ca
1080 621 1178 710 longe

286 729 461 817 Explorare
478 747 591 818 queat,
614 748 727 796 contra
746 735 835 798 venit
846 736 941 800 Aram
957 735 1083 799 Echion

286 844 379 908 Dicta
392 844 521 910 ferens:
538 847 603 926 jam
617 847 744 911 Circaeis
762 849 916 913 Mavortis
938 851 972 913 in
990 851 1072 939 agris

287 959 378 1024 Stare
393 959 517 1042 virum,
537 959 628 1026 daret
644 961 797 1051 aeripedes
815 965 849 1026 in
867 965 975 1052 praelia
991 979 1112 1029 tauros.
1267 987 1307 1034 sss

331 1074 401 1138 «En
415 1097 525 1157 vocor,
539 1098 579 1140 en
595 1078 693 1159 ultro,
705 1076 800 1162 dixit,
814 1101 951 1167 spesque
963 1078 1087 1144 addidit
1102 1082 1195 1144 ausa!

287 1189 354 1254 Vos
371 1189 451 1253 nihi
468 1213 557 1255 nunc
572 1192 716 1279 primum
735 1193 768 1255 in
789 1193 896 1280 glebas
911 1192 1061 1258 invertite
1077 1194 1161 1257 tauri

287 1304 450 1393 AEquora‚
467 1305 651 1370 nunc'tdtas
668 1307 787 1394 aperite
806 1323 839 1371 et
851 1309 967 1372 volvite
985 1306 1145 1390 flammas3

287 1422 387 1486 Exeat
402 1420 573 1486 Haemonio
590 1423 701 1487 messis
716 1422 925 1488 memoranda
940 1425 1074 1507 colono;

274 1644 534 1708 541.AEs.Tiderinsj.
550 1645 858 1710 u.aperto.Vatic.Bouon.
876 1645 947 1692 codd.
966 1648 1056 1693 Bonou.
1074 1647 1085 1692 l
1103 1655 1128 1694 et
1144 1647 1175 1698 11.
1192 1647 1307 1692 Tibur-ine.

244 1727 309 1771 tunt.
319 1725 403 1772 Mater.
415 1726 469 1772 ald.
481 1725 580 1787 Μή.
592 1743 620 1771 νυ.
630 1727 719 1788 apertis.
731 1727 816 1772 Maser.
826 1727 926 1786 lingent.
939 1725 1040 1771 Fluctus.
1057 1725 1135 1772 Heius.
1154 1742 1184 1774 ax
1199 1727 1261 1787 conj.
1277 1751 1308 1760 —

245 1804 299 1859 Sua.
314 1807 403 1851 sturm.
414 1805 518 1851 Gronov.
532 1831 564 1840 -
575 1804 629 1859 543.
644 1804 773 1866 Explorare
786 1815 864 1866 parnt.
873 1803 924 1850 atd.
937 1806 1036 1865 Eugsut.
1047 1821 1076 1851 ax
1087 1805 1122 1851 Pii
1137 1807 1199 1866 conj.
1211 1832 1241 1840 -
1253 1805 1307 1860 546.

245 1885 276 1930 Et
287 1899 355 1930 vocor
363 1883 420 1929 num
430 1901 459 1930 eu
471 1885 494 1931 d.
503 1884 578 1932 Vade.
588 1884 642 1930 nod.
653 1887 684 1930 Et
697 1899 768 1930 macor
782 1901 812 1929 eu
823 1884 880 1929 ultro
890 1885 913 1930 d.
926 1886 1015 1930 Bouou.
1031 1885 1084 1931 eod.
1098 1887 1186 1932 Bonan
1205 1885 1215 1930 1
1234 1893 1258 1931 et
1275 1886 1307 1930 Π.

244 1965 311 2011 cin.
319 1963 418 2011 Addidit
432 1963 496 2010 auin
507 1965 560 2009 Vnt.
574 1964 665 2010 bonon.
681 1963 752 2009 codd.
765 1965 856 2008 Bonan
870 1964 880 2008 1
899 1973 923 2010 at
936 1965 967 2009 11.
977 1965 1041 2008 Jnnt.
1053 1965 1138 2010 Moser.
1148 1963 1201 2009 Ald.
1212 1962 1311 2010 Addidit

244 2059 311 2090 aura.
322 2031 421 2104 Eugbnt.
433 2057 462 2088 ex
476 2041 510 2087 Pii
522 2042 585 2103 conj.
594 2042 683 2101 4⁴7·
695 2041 853 2104 Inflammata,
867 2041 1050 2088 intermutatis.
1063 2044 1152 2088 Bouou.
1164 2044 1229 2088 Cart.
1239 2039 1309 2087 codd.

244 2121 390 2186 Inflammata
400 2121 458 2167 mitt
470 2123 559 2167 aarum.
576 2123 666 2167 Bouon.
684 2123 694 2167 l
714 2129 737 2166 et
754 2121 786 2166 Π,
806 2121 870 2166 lunt.
888 2121 972 2168 Macar.
990 2121 1089 2182 lingent.
1116 2122 1145 2167 Ia
1160 2120 1239 2182 glebas
1256 2119 1311 2166 mihi

245 2203 333 2248 muta.
353 2199 408 2248 ala.
425 2201 455 2246 In
470 2199 556 2261 glebas.
575 2199 679 2246 Gronov.
693 2199 916 2254 0ha.1v,21.an.

282 2377 343 2448 5413
352 2381 492 2446 Explorate
505 2390 579 2449 pas-at
594 2381 684 2430 liberae
684 2379 753 2445 freto
834 2376 892 2440 546.
903 2381 942 2428 Ea
953 2395 1038 2436 vocor,
1048 2394 1078 2425 ea
1089 2379 1160 2426 atrro.
1170 2379 1210 2426 En
1218 2373 1258 2427 bis
1268 2391 1309 2426 re·

240 2459 298 2527 jam
311 2461 394 2510 vultus
407 2472 504 2526 aperto,
516 2477 551 2510 an
563 2457 645 2511 libere
657 2455 755 2530 prospi·
797 2454 906 2527 petitum
920 2455 1047 2507 ironicam
1061 2452 1145 2506 habet
1155 2453 1309 2507 admiratio·

245 2553 306 2588 cem
314 2535 341 2588 in
353 2536 437 2589 altum
445 2535 544 2608 possit,
554 2552 678 2604 totumque
688 2555 755 2588 mare
797 2553 859 2587 nem
871 2553 877 2587 :
890 2534 925 2586 ita
937 2552 1001 2588 vero
1013 2531 1088 2584 fortis
1101 2543 1140 2585 est
1148 2533 1269 2605 juvenis,
1280 2543 1310 2585 ut

245 2619 318 2667 sileat
330 2629 358 2666 ut
364 2617 457 2684 prius(
472 2615 625 2670 sinordines
641 2615 754 2684 verba),
798 2633 841 2668 me
858 2625 983 2685 provocet
1001 2612 1076 2683 ipse,
1093 2631 1194 2680 spesque
1213 2613 1311 2664 addidit

246 2693 335 2748 nullus
343 2713 477 2748 remorum
487 2695 670 2769 remigumque
683 2694 754 2748 soni-
799 2715 875 2755 ausa,
886 2691 1022 2746 obscurius
1034 2691 1134 2743 dictum
1145 2729 1153 2754 ‚
1163 2689 1247 2762 quod,
1261 2689 1311 2743 nisi

211 2807 213 2820 .
247 2784 290 2827 tus
309 2773 441 2840 audiatur,
462 2793 592 2848 nusquam
622 2773 755 2848 navigium
799 2785 953 2846 corruptum
970 2773 1019 2836 sit,
1033 2771 1102 2824 nibil
1121 2771 1194 2824 alind
1213 2769 1309 2842 signifi-

248 2864 391 2924 apparaat‚
408 2853 447 2906 uti
466 2867 526 2908 ante
544 2857 755 2927 Argonautarum
799 2873 859 2909 care
870 2867 955 2926 potest
964 2893 970 2917 ‚
979 2871 1061 2925 quam
1073 2871 1131 2922 spes
1145 2851 1218 2904 auxit
1231 2869 1311 2913 ausa,

248 2929 508 2987 adventum-Vide
520 2934 555 2988 ad
565 2935 665 2988 calcem
677 2933 756 3006 hujus
800 2953 864 2987 ausa
878 2934 948 2987 ands
962 2931 1044 2986 addit.
1058 2963 1091 2972 -
1106 2932 1206 2984 Confer
1219 2929 1311 3002 virgil.

247 3011 308 3064 libri
321 3024 378 3066 not.
392 3012 453 3077 541.
465 3015 517 3068 Eo.
801 3013 905 3068 AEneid.
916 3014 955 3079 X,
971 3014 1020 3066 263
1032 3031 1039 3065 :
1050 3031 1105 3080 spos
1114 3013 1203 3062 addita
1212 3013 1313 3062 suscitat

284 3091 343 3154 542.
361 3097 473 3162 Dumque
493 3114 523 3144 ea
542 3098 613 3162 longe
629 3097 759 3162 explorare
802 3095 861 3144 iras.
872 3093 926 3143 En.

248 3187 338 3238 queat,
352 3174 460 3240 (quauta
471 3172 661 3226 Librariisaine
674 3171 757 3224 dubio
839 3171 899 3241 547.
914 3173 982 3232 Rex,
994 3171 1070 3242 quasi
1083 3170 1167 3224 aciem
1181 3169 1311 3232 instruat,

249 3249 370 3316 debetur,
381 3269 436 3302 non
447 3251 617 3320 poetoe.)Pius
626 3252 682 3322 jam
694 3249 757 3301 olim
801 3261 888 3321 partes
904 3248 1045 3303 distribuit.
1065 3257 1112 3302 Vos
1136 3253 1209 3312 miti,
1233 3252 1312 3309 tauri,

142 3385 147 3391 .
250 3348 300 3400 pro
320 3347 352 3380 eo
371 3330 518 3399 conjecerat
530 3343 622 3396 purat,
642 3345 759 3398 eumque
796 3331 904 3398 primam
919 3349 1035 3398 aequora,
1058 3330 1168 3400 planum
1188 3328 1312 3382 solidum·

250 3418 365 3478 sequuta
383 3405 672 3476 aldina,Engen1ina,
690 3406 759 3458 (ioli-
802 3427 856 3480 que
874 3427 1015 3480 campum,
1035 3413 1060 3460 in
1078 3412 1163 3477 glebas
1188 3410 1310 3467 invertite,

250 3485 328 3538 niam
343 3496 369 3538 et
383 3484 548 3556 Gryphiaua.
569 3483 640 3549 Quid
658 3485 679 3538 si
700 3504 759 3556 pro·
803 3489 960 3553 convertite,
972 3487 1159 3550 comminuite,
1170 3505 1234 3537 aune
1248 3501 1312 3536 totus

250 3564 309 3636 pius
327 3561 362 3616 ad
381 3563 515 3616 literarum
534 3561 642 3615 ductum
661 3563 758 3616 scribas
803 3571 907 3636 aperite,
932 3567 1059 3627 emittite,
1085 3581 1111 3617 ee
1131 3568 1225 3616 volvite
1247 3563 1313 3616 alias

252 3658 332 3703 meat,
346 3641 373 3694 in
394 3659 426 3694 eo
444 3653 499 3704 cst,
517 3653 547 3694 ut
566 3652 682 3694 montem
698 3661 760 3695 con·
802 3647 1067 3717 postoliasflummas.

252 3719 374 3785 scendet,
388 3718 430 3773 aei
449 3719 511 3772 litus
529 3718 645 3791 adecti)
665 3725 759 3774 Echion
839 3724 899 3794 549.
918 3730 1012 3788 Exeat,
1030 3735 1195 3793 procreem,
1214 3725 1309 3782 messis,

252 3808 345 3860 Amas,
358 3801 521 3869 Argonauta,
534 3799 760 3869 legatusaJasone
803 3821 890 3874 seges,
914 3805 1042 3854 Hoemonio
1070 3805 1157 3852 colono
1182 3802 1314 3868 (contem-

252 3878 425 3949 missus(quo
434 3896 542 3932 munere
551 3879 672 3934 sunctum
681 3901 760 3953 supra
803 3882 886 3952 ptius)
901 3885 1074 3942 memoranda,
1090 3885 1179 3954 cujus,
1190 3879 1255 3931 dum
1271 3879 1312 3932 vi-

254 3957 389 4030 aliquoties
408 3957 563 4026 babuimus,
584 3959 606 4025 1,
625 3968 691 4025 440,
710 3962 760 4025 IV,
805 3973 863 4028 vet,
879 3961 901 4014 si
920 3959 1027 4024 vixerit,
1052 3979 1197 4032 numquam
1216 3959 1312 4011 oblivi-

257 4037 305 4100 134
327 4049 353 4090 et
372 4037 452 4106 734),
470 4039 593 4092 Jasonem
618 4051 707 4093 tauros
732 4040 760 4092 in
805 4052 900 4093 scetur.
913 4069 948 4079 -
963 4042 1044 4090 Marsis
1057 4051 1084 4091 et
1098 4043 1197 4091 colonus
1212 4038 1314 4110 egregie

253 4133 345 4188 campo
354 4115 444 4171 Martis
455 4130 603 4190 exspectare
613 4118 724 4171 nuntiat.
806 4118 855 4172 sibi
869 4119 980 4172 invicem
995 4115 1162 4192 respondent.
1175 4117 1225 4170 En.
