2994 4702
516 349 929 418 ARGONAUTARUM.
1196 352 1257 432 343

197 475 371 540 Scholiaste
390 475 555 562 Apollonii
583 475 743 539 Phoenicis
764 473 826 538 fitia
844 473 980 555 dicitur,
1004 492 1037 538 et
1053 475 1259 564 abllygino,

196 583 259 646 lab.
277 587 336 668 47,
359 581 416 646 ubi
448 597 600 669 corrupte
627 581 762 670 legitur,
782 580 990 644 En'ciimenus
1011 593 1047 646 et
1059 584 1202 672 Ancaeus
1216 605 1260 645 ex

197 696 362 784 Astyplziie
374 688 627 778 Ploem'oisfilt'a3
638 694 1055 776 sed,utriditMunlerus,
1072 695 1257 784 legendum,

197 805 425 890 Perioh‘menus
442 818 473 866 et
492 806 630 868 Ancaeus
651 827 695 866 ex
717 804 902 892 Astypalaea
924 800 1175 892 Phoenicisfilt'a.
1200 805 1261 868 llic

195 933 274 974 vero
292 909 426 974 Phoenix
451 929 498 972 an·
510 911 663 995 Agenoris
680 908 764 973 filius
779 909 897 990 fuerit,
912 931 952 972 au
968 911 1170 996 Amyntoris,
1203 909 1261 996 qui

196 1017 327 1080 Achillis
334 1014 628 1103 preceptoriuerit,
638 1015 791 1096 dubium;
802 1015 854 1078 ille
863 1015 1027 1102 antiquior
1039 1015 1171 1103 quidem
1177 1013 1262 1077 vide.

195 1137 263 1202 tur,
281 1119 338 1185 sed
351 1135 477 1200 tamen,
496 1135 532 1182 ut
545 1135 703 1184 statuatur
719 1135 808 1208 pater
819 1119 1024 1206 Astypalaea,
1039 1119 1178 1206 speciem
1187 1136 1262 1206 prae-

196 1227 271 1292 bere
279 1243 395 1315 potest,
408 1197 724 1314 quodAganorfilitis
731 1228 847 1290 Ancaei
856 1225 982 1291 dicatur
992 1226 1032 1290 ab
1047 1225 1209 1313 Hesychio
1226 1225 1258 1288 in

194 1334 315 1413 Ᾱγάνωρ,
331 1353 428 1420 quem
446 1331 500 1394 illc
516 1328 549 1393 in
565 1331 675 1419 proavi
691 1331 848 1420 Agenoris
867 1332 1056 1414 memoriam
1075 1331 1115 1394 ita
1129 1353 1260 1394 vocasse
1327 1330 1329 1344 '

194 1438 312 1526 potuit.
332 1437 468 1502 Phoenix
489 1460 565 1500 vero
581 1437 714 1502 Achillis
736 1437 887 1525 magister
904 1436 1105 1525 temporibus
1131 1435 1181 1499 his
1202 1457 1260 1522 po-

195 1545 326 1624 sterior,
344 1559 376 1607 et
398 1544 502 1607 multo
517 1543 616 1632 magis
631 1544 699 1624 ejus
717 1542 785 1606 filia
792 1541 981 1632 Astypatea
991 1591 1001 1622 ,
1028 1543 1181 1606 Ancaeum
1200 1543 1259 1604 elr-

197 1664 370 1738 gonautam
388 1647 483 1712 edere
498 1670 564 1711 non
579 1649 724 1736 potuisse
737 1647 885 1729 videtur,
903 1647 929 1710 si
952 1647 1135 1711 fabularum
1154 1646 1258 1709 Chro-

196 1755 357 1843 nologiam
376 1753 417 1818 ad
438 1753 581 1818 historici
607 1753 759 1842 temporis
782 1751 879 1816 fidem
900 1753 1027 1842 exigere
1054 1753 1174 1818 liceret.
1200 1751 1260 1815 Hic

194 1883 270 1924 vero
285 1862 420 1923 Ancaeus
438 1881 513 1922 cum
537 1860 600 1923 alio
623 1881 706 1947 saepe
722 1860 952 1940 conl'unditur·;
978 1876 1101 1923 namet
1120 1858 1160 1923 ab
1177 1879 1256 1944 apro

194 1961 372 2054 Calydonio
388 1965 614 2045 interfectum,
640 1987 678 2028 ex
701 1963 886 2052 Pherecyde
900 1963 1009 2054 prodit
1025 1963 1132 2028 Schol.
1157 1961 1258 2050 Apol-

195 2071 262 2134 lon.
272 2069 326 2134 lib.
337 2073 371 2152 l,
383 2091 464 2133 vers.
485 2067 562 2149 1883
575 2068 665 2156 quod
677 2067 754 2133 inde
768 2069 863 2133 etiam
875 2085 983 2158 posset
992 2069 1106 2156 aliquis
1121 2067 1257 2138 efficere,

195 2175 283 2263 quod
297 2177 385 2240 hunc
396 2177 551 2239 Ancaeum
563 2175 773 2238 Pleuronium
789 2175 884 2238 iaciat
898 2173 1068 2263 Orpheus,
1086 2197 1167 2238 vers.
1182 2171 1255 2235 206.

194 2281 334 2345 Pleuron
347 2298 452 2346 autem
467 2281 500 2343 in
511 2279 629 2344 AEtoliu
640 2329 649 2362 ,
662 2279 749 2344 unde
760 2280 919 2372 Meleager
933 2303 940 2344 :
954 2303 993 2344 ex
1002 2303 1069 2368 quo
1079 2279 1258 2364 Meleagria

195 2385 332 2450 Pleuron
344 2387 445 2450 Statio
456 2385 593 2468 dieitur,
604 2387 659 2450 lib.
669 2385 726 2467 IV,
740 2386 810 2450 103.
824 2387 969 2469 Quintus
982 2385 1124 2467 Calaber,
1134 2383 1190 2447 lib.
1201 2381 1256 2462 lv,

194 2513 276 2556 vers.
291 2495 373 2574 444,
388 2492 481 2557 ludos
497 2491 649 2566 funebres
658 2493 693 2555 in
704 2492 861 2556 honorem
873 2493 1004 2558 Achillis
1016 2513 1165 2572 narrans,
1177 2487 1256 2552 disci

195 2597 362 2676 meminit,
381 2620 447 2684 quo
463 2597 541 2661 olim
563 2598 700 2660 Ancaeus
725 2614 792 2659 erat
809 2619 904 2672 usus,
921 2615 1094 2686 autequam
1112 2596 1152 2660 ab
1177 2595 1259 2657 Her-

195 2703 266 2766 cule
282 2702 386 2765 hierat
408 2700 569 2781 domitus3
589 2701 703 2764 vitiose
719 2723 796 2764 vero
814 2701 846 2762 in
861 2703 1008 2766 versione
1025 2703 1121 2766 latina
1139 2701 1257 2787 legitur

194 2809 344 2885 Auens,
367 2822 399 2870 et
409 2807 520 2870 mortis
537 2828 658 2894 genus,
674 2805 763 2893 quod
776 2805 909 2868 Calaber
924 2830 989 2870 non
1006 2807 1155 2894 exprimit
1167 2803 1257 2892 (dicit

195 2910 293 2986 enirn,
302 2915 359 2986 Πρὶν
371 2923 500 2986 κρατερῇσι
512 2917 610 2986 gipsum
622 2911 766 2986 δαμημίναι
777 2904 925 2992 Ἡρακλῆος),
934 2907 1090 2994 interpres
1103 2905 1255 2984 reddidit,

189 3017 374 3102 priusquam
386 3010 603 3074 internalidas
613 3033 724 3074 omarus
736 3009 877 3074 Herculis
885 3007 1058 3094 elisussuit.
1072 3011 1119 3075 Ad
1131 3025 1257 3074 utrum·

196 3143 259 3207 que
277 3120 372 3182 etiam
388 3118 546 3181 Ancaeum
570 3116 703 3200 diversis
719 3116 885 3180 sententiis
906 3117 1100 3205 scriptorum
1120 3120 1258 3182 refertur

195 3225 342 3314 adagium
360 3223 621 3304 celeberrimum,
631 3230 716 3284 Πολλὰ
726 3232 819 3303 praet
830 3233 898 3284 eoas
910 3235 1001 3294 missu
1013 3231 1055 3284 ml
1066 3233 1156 3301 zeon<
1170 3233 1256 3304 ἄκρου,

195 3333 301 3396 Multo
316 3331 437 3394 cederat
451 3330 535 3394 inter
547 3328 675 3392 onlnem
690 3351 891 3418 supremaque
904 3328 1013 3407 labem
1029 3327 1100 3392 vide
1120 3331 1253 3393 Zenohii
1389 3355 1392 3362 ·

195 3441 326 3502 Centur.
340 3437 379 3517 V,
392 3459 451 3522 71,
463 3452 495 3498 et
510 3433 554 3496 ibi
572 3435 695 3498 Schotti
709 3451 810 3498 notas.
828 3435 969 3522 Apostol.
982 3437 1074 3498 Ceut.
1092 3434 1184 3516 XVl,
1199 3437 1255 3517 18,

195 3559 228 3608 et
254 3544 298 3607 ibi
324 3542 509 3606 Pantinum.
535 3541 693 3604 Caeterum
712 3541 765 3603 hic
788 3543 941 3618 Ancon,
961 3540 1018 3626 qui
1043 3540 1255 3628 peritissimus

196 3648 364 3738 navigandi
378 3647 454 3711 artis
468 3663 501 3711 et
513 3645 655 3711 siderum
670 3644 805 3710 describi
811 3663 918 3728 tur,·et
930 3646 1003 3708 ideo
1016 3647 1098 3710 forte
1109 3646 1254 3734 Neptuni

196 3755 279 3819 filius
295 3753 534 3842 dictus,Tiphy
551 3769 697 3832 mortuo,
712 3749 752 3814 ad
769 3753 893 3816 clavum
913 3751 974 3815 fuit
996 3749 1162 3834 admotus,
1175 3769 1255 3816 teste

195 3861 344 3948 Hygino,
362 3883 429 3945 cap.
464 3863 501 3936 14
519 3859 575 3944 (ut
591 3859 657 3937 ejus
685 3858 779 3920 verba
809 3858 970 3946 supplevit
988 3881 1056 3946 cap.
1080 3858 1117 3920 18
1135 3857 1254 3920 doctis-

196 3967 295 4029 simus
310 3961 526 4049 Munkerus),
548 3961 696 4050 Orphe0,
714 3986 743 4026 v.
759 3963 840 4049 725,
862 3965 944 4048 1679
960 3983 992 4027 ct
1009 3963 1106 4044 1003,
1128 3981 1161 4026 et
1175 3963 1252 4026 aliis.

197 4071 341 4135 Valerius
352 4093 429 4134 vero
446 4069 577 4133 Flaccus
591 4069 744 4155 Ergiunu
760 4069 913 4156 suffragio
933 4070 1031 4156 ipsius
1044 4072 1136 4134 'navis
1147 4074 1253 4158 Argus
