3022 4678
256 283 316 420 ..Μ
543 341 577 402 o.
601 336 810 403 vitnau
844 335 1026 400 rancor

294 475 406 558 Qualis
422 473 480 538 ubi
496 473 651 538 attonitos
667 487 787 538 moestae
801 471 943 561 Phrygas
960 493 1067 534 anntta
1086 469 1197 534 Matris
1275 491 1315 530 su

292 587 360 667 Ira,
374 586 426 650 vel
442 603 585 650 exsectos
603 585 721 650 lacerat
738 585 869 650 Bellona
885 600 1049 650 comatos:

293 699 390 764 Haud
404 721 496 764 secus
513 721 660 764 accensas
681 699 790 764 subito
802 698 921 764 Medea
938 698 1087 763 cohortes
1170 711 1173 716 '

292 814 458 902 Implicat,
479 829 512 877 et
524 813 658 878 miseros
672 813 737 904 agit
752 813 786 877 in
804 835 861 878 sua
878 813 984 901 praelia
1001 813 1124 878 fratres.

293 925 408 992 Omnis
422 926 467 989 ibi
480 925 659 992 AEsoniden
675 928 775 992 sterni
788 943 881 1015 putat
894 951 903 1008 3
921 927 1076 991 omnibus
1092 927 1139 990 ira

293 1039 378 1105 Talis
396 1055 473 1104 erat.
490 1040 606 1128 Stupet
621 1039 747 1121 AEetes,
762 1041 914 1128 ultroque
930 1042 1074 1104 furentes
1274 1063 1314 1108 sss

294 1155 367 1244 Ipse
382 1153 467 1218 viros
484 1175 634 1218 revocare
648 1153 738 1243 cupit
755 1176 763 1217 z
788 1152 845 1218 sed
860 1169 978 1218 cuncta
990 1151 1139 1234 jacebant

293 1267 428 1358 Agmina
441 1293 450 1349 3
465 1291 525 1332 nec
540 1267 711 1356 quisquam
727 1267 853 1356 primus
870 1266 951 1344 ruit,
970 1282 1027 1330 aut
1041 1289 1138 1361 super
1153 1267 1239 1332 ullus

296 1383 491 1471 Linquitur3
508 1400 606 1471 atque
622 1383 728 1448 hausit
748 1383 857 1448 subito
874 1405 931 1446 sua
947 1381 1061 1447 funera
1076 1381 1181 1446 tellus.

338 1497 491 1562 Protinus
504 1499 538 1560 in
556 1496 691 1562 lluvium
708 1497 907 1562 fumantibus
924 1497 1028 1561 evolat
1041 1497 1137 1560 armis

281 1695 334 1744 635.
358 1694 437 1757 Qualis
457 1695 495 1740 sbi
511 1705 557 1740 atto
579 1705 662 1741 maeste.
675 1695 749 1740 Vatic.
771 1695 824 1742 cod.
844 1695 907 1740 unde
926 1693 1008 1739 attollit
1024 1693 1139 1740 emendati
1160 1691 1230 1738 codd.
1252 1690 1316 1752 apud

251 1776 329 1830 Pium
340 1773 424 1836 etipse
435 1775 496 1820 Pius.
510 1775 576 1821 Aera.
588 1776 679 1820 Bonan.
690 1775 709 1820 l.
721 1761 849 1835 Qualsltrsbs'
865 1772 996 1821 exstimulat
1011 1783 1095 1819 moestae
1111 1772 1211 1834 Phrygia
1225 1771 1315 1833 agmina

250 1855 334 1900 nasu.
346 1855 404 1900 Bon.
417 1851 467 1898 cod.
485 1853 542 1898 Bon.
558 1853 589 1897 ll.
606 1853 691 1898 uun.
708 1848 808 1916 Eng'ent.
826 1853 906 1912 Qualr's
925 1852 964 1896 abi
979 1851 1110 1897 essanwlat
1123 1861 1207 1896 nsoestae
1215 1849 1316 1911 Phrygia

251 1935 345 1996 agmina
356 1933 465 1977 monstris.
480 1933 544 1976 lunt.
559 1929 613 1976 Ald.
629 1956 660 1964 -
677 1929 731 1978 636.
746 1930 791 1976 Vel
806 1940 902 1976 exertas.
913 1930 988 1976 Vade.
1009 1933 1099 1976 Bonan
1120 1929 1189 1978 codd.
1199 1931 1317 1976 Esssatru.

251 2015 340 2060 Boron.
358 2013 370 2057 t
388 2020 411 2057 et
427 2010 455 2055 ll.
472 2011 537 2055 lunt.
548 2011 634 2056 maor.
652 2009 705 2055 std.
721 2011 821 2070 Eugent.
836 2012 952 2057 Comana.
968 2011 1054 2056 Mases.
1070 2037 1100 2044 —
1111 2009 1166 2071 639.
1181 2010 1260 2056 Omnis
1270 2008 1316 2056 abi.

251 2091 326 2138 Vatia.
337 2092 427 2136 Bonan
438 2088 508 2135 codd.
522 2089 612 2134 Bonan
626 2087 637 2132 l
654 2097 678 2133 et
690 2088 725 2142 ll,
741 2097 765 2134 et
776 2088 830 2134 edd.
843 2098 897 2134 ante
910 2089 974 2134 Carr.
985 2113 1013 2125 -
1025 2089 1079 2143 dha.
1092 2088 1162 2134 Haud
1170 2085 1316 2150 sagarellus.

251 2171 322 2216 Recte
329 2201 337 2223 ,
345 2168 419 2213 vatic.
434 2168 523 2212 Bonan.
534 2165 604 2212 codd.
614 2176 638 2212 et
651 2181 732 2212 omnes
742 2176 797 2212 ante
806 2166 942 2213 Curionem
953 2166 1081 2219 editiones,
1092 2167 1157 2228 quod
1168 2182 1237 2214 nemo
1248 2176 1317 2212 nota·

252 2248 298 2302 vit,
308 2262 352 2292 nec
361 2261 416 2292 vero
428 2246 503 2290 solum
515 2248 571 2292 Bou.
582 2247 617 2300 ll,
629 2262 698 2307 quarn
709 2247 783 2292 solam
793 2246 898 2293 nominat
906 2247 1031 2295 llsrlssius.
1043 2248 1086 2293 tta.

287 2427 349 2481 635.
369 2430 454 2493 Qualis
470 2431 654 2489 rabiattanr'tos,
675 2431 764 2482 surore
809 2433 878 2486 Dies.
907 2429 1107 2503 antiquitatibus
1134 2427 1317 2493 inservientes,

254 2508 383 2578 percitos,
401 2525 485 2556 annua
506 2508 546 2557 ira
564 2523 654 2559 masta
676 2513 765 2560 Blatn's
808 2529 868 2582 pag.
886 2509 945 2563 155.

253 2587 419 2655 (thvgdanr‘as
433 2588 561 2652 planctus,
583 2584 763 2652 intra‚v111,
844 2589 905 2660 637.
918 2587 960 2643 Sic
982 2583 1078 2639 Medea
1101 2587 1211 2637 cohortes
1230 2603 1319 2637 aecen-

257 2665 307 2734 ²39
317 2680 325 2726 ;
335 2662 409 2716 conl.
422 2675 448 2715 et
461 2662 513 2728 tlt,
526 2681 575 2727 ao,
590 2664 640 2716 232
652 2668 672 2734 )‚
684 2665 766 2718 annui
808 2689 863 2731 sas,
884 2669 922 2722 ira
945 2667 1081 2730 ardentes,
1101 2669 1224 2733 implicat,
1246 2681 1270 2717 ss
1292 2669 1318 2716 r'n

255 2743 311 2796 dies
322 2739 418 2795 festiin
429 2741 554 2795 honorem
570 2743 681 2814 Cybelen
691 2746 702 2814 (
712 2744 766 2796 Me-
809 2769 870 2811 sua,
885 2761 978 2802 contra
994 2765 1022 2799 se
1040 2745 1110 2817 ipsos
1116 2785 1125 2811 ,
1127 2746 1236 2813 fratres,
1251 2746 1319 2817 ejus·

255 2821 382 2894 galesia),
393 2821 535 2892 etquidem
547 2820 602 2876 dies
612 2841 705 2876 eorum
716 2835 766 2876 ter·
809 2825 870 2880 dem
884 2826 974 2879 matris
983 2843 1086 2888 ornnes,
1092 2827 1182 2892 proelr'a
1191 2827 1250 2893 agit.
1262 2828 1319 2875 Orn-

255 2902 308 2956 tius
322 2905 446 2971 (sanguen
464 2902 507 2956 vel
523 2905 649 2972 sanguinis
661 2901 766 2971 dictus)
810 2909 847 2957 ru's
860 2908 895 2957 ibi
906 2907 1047 2957 AEsonidern
1061 2905 1137 2955 sterni
1148 2918 1234 2971 putat,
1248 2902 1320 2975 quis·

255 3000 309 3055 quo
322 2981 391 3036 Galli
402 2981 485 3034 acutis
500 2982 591 3036 cultris
604 2981 713 3036 brachia
727 2981 766 3035 in-
811 3003 863 3056 que
878 3003 932 3037 non
952 2983 1075 3052 fratrem,
1087 2981 1132 3036 sed
1147 2984 1269 3038 Jasonera
1286 2982 1321 3034 le·

255 3060 377 3114 uidebant
388 3101 396 3126 ,
407 3061 459 3125 lll,
470 3063 535 3126 234,
548 3064 656 3128 Phrygas
666 3064 767 3111 lacerat.
811 3063 865 3116 rire
875 3063 1010 3133 opinatur.

291 3141 353 3193 636.
371 3144 415 3190 Vel
427 3155 536 3191 exsectos
553 3143 647 3190 lacerat
662 3142 765 3190 Bellona
845 3144 907 3203 640.
924 3143 1015 3200 AEetes,
1029 3157 1073 3191 eos
1081 3141 1195 3208 fiarentes
1208 3159 1320 3192 mussare

255 3233 372 3271 comatos.
395 3217 452 3270 Hoc
477 3228 577 3288 spectat
595 3216 629 3269 ad
652 3217 766 3269 Bellonae
809 3239 826 3273 a
847 3231 938 3271 mutua
960 3217 1031 3272 carde
1054 3221 1132 3286 crqrir,
1151 3219 1197 3272 sed
1216 3235 1319 3280 cancta,

255 3295 618 3364 sacerdotes(Bellonarios),
629 3313 695 3367 quos
704 3294 767 3347 Gal·
811 3299 968 3370 conjuncta,
983 3308 1151 3363 coacervata,
1160 3301 1261 3367 jacens,
1275 3317 1320 3350 nec

255 3377 286 3428 lis
299 3375 377 3445 iungi
388 3384 414 3425 et
428 3372 499 3443 apud
512 3373 579 3426 alios
591 3371 766 3445 deprehendi·
810 3381 939 3446 quisquam
946 3382 1040 3447 primus
1050 3377 1114 3436 ruit,
1124 3393 1168 3430 aut
1177 3397 1248 3447 super
1257 3381 1320 3430 ullus

256 3471 325 3505 mos.
345 3451 409 3504 vid.
423 3451 544 3505 Juvenal.
562 3453 613 3516 IV,
635 3454 700 3516 1233
715 3453 765 3518 VI,
811 3461 936 3525 linquitur,
947 3456 1000 3509 dici
1014 3451 1088 3506 haud
1098 3457 1201 3526 potuit,
1211 3456 1257 3528 qai
1267 3455 1321 3526 pri·

258 3532 306 3584 511
327 3550 368 3602 sq.
389 3543 415 3584 et
436 3530 472 3582 ibi
491 3535 590 3599 Ruperti
599 3553 609 3592 ,·
625 3531 725 3584 Lucan.
741 3533 765 3597 l,
811 3555 885 3599 mus,
902 3533 948 3607 q'ui
967 3533 1076 3588 ultimus
1095 3534 1232 3597 ceciderit,
1245 3551 1320 3602 aeque

258 3609 382 3678 tot-567.
396 3611 482 3664 Loctu
497 3610 622 3662 classicus
634 3609 669 3663 de
682 3609 767 3663 Bello·
809 3617 982 3668 naucratim
997 3633 1042 3666 sna
1052 3617 1160 3684 firnera,
1175 3613 1243 3665 filios
1258 3630 1320 3665 suos

257 3705 296 3740 nae
309 3688 389 3742 sacris
402 3700 441 3742 cst
453 3687 523 3759 apud
533 3688 631 3742 Tibull.
642 3689 666 3755 1,
680 3691 706 3754 6,
716 3691 761 3754 43,
811 3697 948 3762 mortuos(
959 3693 1031 3746 conf.
1045 3696 1119 3766 Virg.
1130 3699 1185 3746 AEn.
1196 3694 1248 3756 vt,
1258 3691 1319 3754 5103

258 3767 303 3820 ubi
321 3765 372 3819 rid.
392 3767 533 3840 lleynium.
553 3773 670 3820 Exsectos
684 3770 768 3822 nomi·
811 3774 862 3838 IX,
874 3775 955 3842 492),
967 3778 1042 3827 tellus.

258 3858 301 3898 nat
314 3845 408 3899 Noster
417 3859 443 3899 et
457 3863 576 3910 comatos,
590 3847 662 3920 quod
675 3849 768 3921 spado·
846 3855 907 3916 644.
918 3855 1031 3904 Protinus
1041 3858 1066 3905 r'n
1079 3852 1241 3925 (admonitura
1253 3851 1321 3905 Pha·

260 3927 766 3998 neserant,etcomamalebant,quum
811 3931 893 3984 sidem
909 3932 1063 3998 firmantibus
1086 3931 1214 4003 sanguine
1241 3935 1320 3982 evolas

258 4015 348 4055 contra
361 4002 436 4056 laidis
447 4005 596 4058 sacerdotes
608 4006 707 4078 (Isiaci)
714 4027 767 4060 ma·
812 4013 886 4062 armis
901 4010 998 4071 Jasrrn,
1013 4015 1093 4078 qualis
1114 4015 1199 4062 Getico
1218 4014 1249 4060 de
1261 4015 1318 4077 pul-

170 4099 172 4104 ·
257 4081 328 4134 ritati
339 4095 422 4135 essent
433 4094 457 4136 et
467 4085 540 4140 calvi.
552 4084 616 4141 vid.
626 4105 678 4138 van
690 4092 768 4140 Dalen
813 4109 875 4150 vere,
891 4088 981 4160 prelio
1000 4090 1200 4160 pulverulento,
1223 4094 1319 4140 Mavors
