3006 4676
225 337 290 402 218
340 337 392 404 IN
420 337 506 404 Llll.
531 337 765 403 OGTAvUM
795 335 1189 404 ARGONAUTICON

222 465 354 520 mquam
364 451 395 520 (b
409 469 438 504 sa
448 451 518 520 vrrs),
530 449 604 504 illinc
617 453 683 504 siser
699 455 746 504 cris
759 451 918 522 (aaudiuu
932 451 995 504 bino
1009 455 1108 520 pruina
1122 453 1167 520 (les
1173 455 1290 524 filiunt),

225 533 299 588 illinc
316 539 351 587 les
366 537 456 588 deserta
471 534 558 604 (litora
569 533 701 605 desoeta)t
720 535 772 590 nlla
790 533 872 610 igitur
889 537 970 603 binc,
983 536 1036 590 alla
1053 536 1126 591 illinc
1137 537 1227 609 imago
1245 547 1292 591 est.

224 620 350 672 Praeterea
351 621 435 690 stabat
446 617 557 683 Medea,
576 637 631 672 non
643 624 784 682 rimaran
806 634 856 673 nec
867 623 964 672 deserar
981 632 1057 674 eram
1067 619 1145 673 litora
1154 620 1293 694 Hyperbo-

224 719 285 756 rea:
298 701 346 755 sed
357 701 430 774 quod
445 700 479 755 de
491 702 639 765 litoralibus
656 701 752 757 incolis
769 705 839 758 canit
848 704 990 771 Valerios,
1004 702 1034 756 id
1047 701 1082 756 de
1094 702 1215 758 litoribus
1229 704 1292 776 ipsis

223 786 326 858 accepit
344 785 492 857 interpres:
509 799 588 859 atque
601 785 650 850 ita,
666 786 739 860 quod
760 785 837 841 finxit
852 787 1016 850 verecunde,
1030 809 1061 844 ac
1076 789 1189 862 figurate
1200 789 1293 843 extulit

223 869 336 924 Latinus
352 881 441 934 rates,
454 867 481 922 id
495 869 615 926 Gallicus
635 869 799 927 versificator
818 863 852 927 ad
872 871 975 928 literam
993 875 1195 948 interpretatus,
1212 873 1295 932 aliana
1372 885 1377 895 ·

222 953 331 1008 omnino
356 953 450 1008 faciem
473 955 553 1010 rebus
578 955 683 1020 induit;
698 961 827 1009 alassr'aum
847 975 953 1010 versum
975 962 1111 1010 romanu'ao
1129 961 1180 1027 (ut
1196 967 1293 1010 vocant

219 1037 311 1108 Galli)
322 1039 447 1103 mutavit,
460 1037 488 1093 id
506 1051 561 1106 est,
572 1037 722 1096 abortivum
735 1037 877 1115 quemdam
893 1040 992 1114 ingenii
1004 1051 1128 1114 partum,
1142 1041 1184 1094 vel
1201 1042 1292 1094 nescio

221 1133 305 1196 qnam
325 1121 440 1196 speciem
458 1141 571 1188 ranam,
590 1135 725 1178 carentem
746 1125 846 1192 forma,
857 1125 920 1197 agri
937 1125 1046 1179 somniis
1064 1121 1195 1188 similem,
1210 1139 1292 1196 quam

222 1223 298 1261 mens
315 1205 454 1279 imaginari
466 1225 497 1260 ac
512 1206 650 1280 percipere
662 1208 769 1282 nequit,
782 1209 810 1263 in
821 1210 910 1262 locum
920 1208 1046 1280 imaginis
1058 1225 1127 1263 versa
1139 1226 1171 1261 ac
1181 1219 1291 1261 natura-

222 1290 255 1343 lis
263 1330 271 1356 ,
280 1289 391 1364 poeticis
401 1291 535 1346 coloribus
545 1290 655 1364 depictae
663 1331 671 1359 ,
680 1293 827 1358 substituit,
838 1311 869 1347 ac
882 1292 979 1348 deinde
990 1293 1101 1346 latinum
1111 1307 1215 1346 rusum
1228 1289 1292 1344 lide·

219 1375 279 1430 liter
290 1393 318 1431 se
330 1378 483 1450 expressisse
491 1377 618 1451 praedicat
630 1381 637 1431 l

257 1510 292 1562 V.
305 1514 424 1581 ats.1psi
444 1531 541 1581 quoqne
562 1533 688 1566 marruara
706 1529 803 1582 porrum
814 1519 872 1568 lara
886 1517 989 1582 Minya,
1000 1517 1058 1584 jars
1064 1513 1136 1582 serre
1147 1515 1241 1566 calm
1256 1543 1291 1554 —

219 1619 234 1641 ι
243 1593 379 1665 Editionea
391 1596 492 1658 babent
497 1600 581 1666 panti,
592 1597 680 1670 iuquit
688 1598 861 1670 Wagnerus‚
873 1607 900 1650 et
909 1597 976 1650 mire
986 1606 1147 1668 retorquent
1158 1613 1291 1648 commen-

221 1690 317 1734 tatores
328 1717 337 1745 ,
347 1680 413 1734 nibil
424 1693 511 1736 tamen
523 1681 675 1753 proliciunt.
686 1683 778 1748 Quum
793 1700 856 1736 vero
871 1680 1045 1753 antiquissimi
1056 1681 1117 1734 libri
1127 1717 1135 1744 ,
1145 1680 1174 1734 in
1185 1679 1227 1735 bis
1236 1680 1290 1732 Va-

219 1764 325 1818 ticanus
342 1767 459 1838 primus,
473 1785 523 1839 pro
535 1769 609 1836 ponti
622 1766 737 1820 habeant
746 1782 857 1835 ponuat,
871 1785 926 1819 non
941 1765 1035 1830 video,
1055 1785 1103 1820 cur
1121 1765 1289 1820 librariorum

218 1847 354 1908 oseitmtia
368 1861 466 1902 mosam
477 1869 531 1904 non
544 1851 679 1903 restituam
692 1869 798 1917 vocem,
813 1867 871 1946 qua
879 1851 995 1924 reposita
1005 1850 1050 1902 lux
1062 1850 1147 1903 oritur
1159 1849 1220 1902 locc
1232 1873 1253 1899 ι.

180 1965 182 1968 -
254 1931 370 2005 Adolph.
378 1937 477 1984 Dureau
487 1937 518 1985 de
532 1937 649 1994 Lamalle,
658 1951 742 2006 quum
751 1934 909 1987 Vaticanum
922 1933 1040 1988 codicem
1051 1947 1076 1988 et
1085 1932 1290 1987 commentarios

220 2013 260 2066 Pii
272 2017 307 2068 ob
321 2017 414 2070 oculos
431 2017 555 2079 haberet,
566 2019 707 2089 pessimam
720 2017 823 2072 Aldina
831 2017 954 2072 editionis
962 2017 1102 2072 lectionem
1115 2022 1208 2086 aspri...
1218 2022 1290 2086 porti

219 2099 355 2170 impavide
368 2101 483 2172 recepit,
496 2100 651 2172 addiditque
670 2102 697 2153 iu
711 2119 767 2154 var.
781 2102 842 2156 lect.
859 2128 871 2148 u
883 2103 949 2156 Mihi
963 2103 1041 2156 lectio
1054 2101 1117 2170 illa,
1132 2121 1211 2174 quam
1226 2101 1288 2155 Pius

220 2195 363 2249 memorat,
376 2183 488 2237 maxime
501 2185 588 2256 placet
600 2207 607 2248 ;
621 2186 684 2238 item
697 2187 849 2238 Burmanno
861 2186 975 2256 placuit:
991 2205 1073 2257 quare
1084 2187 1112 2238 in
1126 2197 1227 2239 textum
1240 2183 1289 2237 ad-

217 2265 279 2321 misi
288 2291 311 2319 n.
326 2267 430 2338 Duplex
443 2287 515 2322 error
526 2288 532 2320 :
542 2269 643 2322 nullam
655 2270 725 2322 enim
737 2270 801 2324 Pius
815 2269 890 2322 istius
904 2269 1023 2324 lectionis
1032 2270 1194 2324 mentionem
1206 2269 1287 2331 lacit3

218 2347 344 2422 quodque
356 2350 526 2408 Burmannus
544 2349 577 2404 de
587 2353 716 2406 Vaticana
736 2354 863 2416 lectione,
874 2372 889 2404 a
901 2353 949 2407 Pio
960 2366 1120 2421 memorata,
1134 2352 1288 2425 pronuntia·

218 2432 270 2497 vit,
283 2433 310 2486 id
325 2433 464 2509 Adolpbus
476 2441 576 2490 Dureau
587 2440 617 2488 de
628 2442 741 2490 Lamalle
749 2437 784 2491 de
795 2437 892 2491 Aldina
907 2439 972 2492 lalso
983 2439 1119 2494 intellexit.
1136 2437 1288 2492 Periculum

217 2529 273 2584 est,
286 2517 332 2570 ubi
343 2519 401 2591 quis
411 2532 465 2572 tam
474 2520 568 2574 leviter
582 2531 700 2576 versatur
711 2521 739 2574 in
753 2522 861 2584 critica,
872 2540 905 2574 ne
916 2523 999 2575 lector
1010 2521 1044 2574 ab
1056 2541 1109 2574 uno
1120 2540 1209 2574 errore
1222 2520 1287 2573 asti-

219 2617 311 2683 maus,
326 2612 408 2656 totam
421 2602 563 2657 editionem
578 2617 731 2677 aspernetur
746 2623 752 2658 ε
767 2604 839 2677 quod
849 2605 948 2658 malum
963 2608 1034 2658 Deus
1048 2617 1147 2658 avertat
1159 2607 1164 2656 l

256 2750 289 2797 V.
305 2763 366 2815 ²17.
378 2751 464 2800 Insula
478 2743 622 2802 Sarmaticae
636 2755 713 2802 Peuce
723 2765 773 2802 stat
783 2753 880 2801 nomine
893 2749 1031 2816 Nymploe;

379 2837 469 2886 Torvus
480 2835 523 2885 abi
528 2871 536 2897 ,
547 2849 571 2884 et
580 2838 635 2902 ripa
643 2853 737 2901 semper
745 2835 886 2886 meliceridas
896 2849 999 2901 utraque

376 2919 481 2988 Infreta
489 2938 535 2988 per
542 2938 617 2972 saevos
626 2923 689 2970 Ister
699 2916 824 2972 deseendit
834 2923 939 2970 Alanos.

215 3044 229 3066 ι
243 3025 344 3086 Tenus,
359 3023 423 3095 quia
441 3025 551 3078 taurinis
570 3023 700 3096 capitibus
719 3036 745 3078 et
761 3023 892 3094 cornigeri
910 3022 984 3075 lluvii
1005 3041 1020 3076 a
1040 3021 1123 3092 poetis
1143 3020 1286 3092 linguntur.

214 3103 258 3160 sic
278 3107 452 3161 Burmannus.
466 3108 516 3160 Vir
534 3105 629 3160 doctus
650 3105 940 3177 autem(lortinus)in
961 3104 1037 3158 Misc.
1057 3103 1135 3158 Obss.
1157 3103 1211 3157 vol.
1235 3101 1285 3168 lv,

215 3207 245 3260 p.
262 3207 320 3258 192,
330 3189 383 3244 boc
393 3206 473 3244 taraus
484 3191 613 3263 respicere
623 3201 697 3262 putat
713 3193 750 3240 cd
761 3194 858 3242 accolas
864 3192 962 3260 seroces
975 3205 999 3241 et
1012 3193 1143 3250 barbaros,
1159 3199 1186 3242 et
1194 3185 1286 3242 eadem

217 3272 325 3344 quidem
344 3273 464 3340 ratione,
482 3293 535 3346 qua
551 3274 646 3328 fluvius
663 3273 747 3327 Indus
761 3277 831 3344 niger
847 3273 952 3328 dicatur
969 3271 1133 3338 Claudiano,
1156 3271 1183 3325 in
1206 3271 1287 3326 Probi

215 3371 241 3412 et
251 3359 356 3431 Olybrii
366 3359 447 3414 Coos.
461 3379 487 3412 v.
499 3378 558 3432 ¹7⁰·
573 3359 624 3414 Sed
636 3359 720 3431 quari
733 3359 833 3431 possit,
848 3377 918 3412 aune
933 3359 982 3416 isto
998 3357 1138 3412 Claudiani
1158 3356 1229 3416 loco,
1244 3355 1286 3408 uti

216 3441 287 3518 apud
299 3441 423 3497 eumdem
440 3442 540 3496 Stilicb.
554 3443 578 3506 l,
597 3443 655 3509 156,
675 3440 757 3495 Indus
771 3461 824 3495 non
839 3441 951 3504 fluvius,
971 3441 1017 3494 sed
1033 3441 1115 3494 homo
1129 3429 1286 3508 (ladiaaer)

216 3525 260 3579 sit.
274 3526 399 3580 Preterea
411 3545 475 3580 vero
488 3526 537 3580 ista
548 3525 632 3599 ligura
643 3524 768 3580 orationis
783 3527 818 3579 ob
832 3537 972 3598 sequentes
984 3530 1076 3577 Alanos
1084 3524 1148 3577 bnic
1161 3523 1220 3576 loco
1230 3539 1285 3574 non

214 3610 276 3666 satis
293 3610 492 3665 accommodata
512 3610 624 3664 videtur.
642 3609 714 3676 Quid
733 3609 825 3664 enim?
843 3629 934 3663 nonne
944 3607 1067 3663 Valerius
1089 3620 1145 3661 tum
1160 3605 1284 3669 dixisset,

213 3696 315 3750 accolas
329 3693 488 3750 descendere
501 3697 529 3748 in
544 3694 611 3748 freta
626 3713 673 3766 per
688 3695 808 3747 accolas?
821 3695 928 3750 Maneat
942 3693 1023 3765 igitur
1035 3692 1074 3743 Pii
1093 3702 1119 3745 et
1137 3689 1284 3743 burmanni

215 3778 362 3854 explicatio.
374 3805 387 3826 a
399 3779 441 3835 Sic
455 3781 619 3850 Wagnerus.
902 3771 903 3776 ’

250 3919 283 3971 V.
300 3920 359 3972 2²8.
377 3919 461 3985 Qualis
477 3919 613 3985 sanguineo
629 3919 709 3968 viator
721 3919 841 3968 Gravidur
855 3917 887 3964 ab
901 3915 978 3964 Hebro

373 4004 478 4053 Idalium
484 4001 554 4068 farao
569 4003 644 4061 rabir,
665 4015 708 4050 aas
722 4001 812 4051 dilecta
828 3999 939 4062 stlera.

211 4129 312 4183 Eximio
336 4126 533 4201 pulchritudine
554 4137 591 4178 est
610 4125 651 4178 ille
670 4125 779 4176 omnino
797 4123 870 4173 locus
891 4121 936 4191 qui
959 4119 1027 4172 intra
1050 4136 1139 4170 versus
1162 4117 1281 4177 oebalo
