2994 4702
538 375 922 456 incensentur.
1208 381 1270 468 307
1333 461 1340 476 ·

240 513 337 578 Tunc
352 511 455 576 multa
471 511 633 576 internos
650 533 717 599 quo
733 527 829 600 pacto
846 528 904 576 aut
920 527 987 576 arte
1004 514 1133 600 loquuti
1236 535 1275 573 ers

240 627 345 690 Aurea
364 624 405 691 de
424 647 512 700 sacra
532 626 692 690 ferremus
709 623 826 688 vellera
842 627 932 715 fago,
961 658 973 670 ·

242 741 350 822 Quam
364 739 458 804 facile
472 739 499 802 is
516 739 618 804 menti
632 753 750 803 nostrae
768 738 878 822 labor3
894 756 928 804 at
945 763 1052 828 neque
1065 743 1239 830 quisquam

241 857 385 920 Tantum
401 876 499 919 ausus
513 877 662 943 sperare,
686 855 763 918 novi
782 877 855 918 nam
873 855 969 944 plena
987 856 1114 922 timoris

242 973 369 1035 Cuncta
382 969 590 1052 videbantur,
605 970 770 1057 seriesque
786 970 943 1036 immensa
960 973 1132 1040 malorum.

241 1087 326 1151 Nam
342 1085 485 1174 primum
505 1101 581 1150 ante
597 1083 713 1150 domos
729 1084 841 1176 Phasis
857 1087 1045 1174 praelabitur
1061 1089 1195 1179 ingens3
1238 1109 1275 1149 rc

241 1199 369 1264 Deinde
386 1222 505 1266 novem
521 1199 644 1266 densus
660 1187 764 1288 peries
781 1215 908 1266 erectus
927 1201 962 1264 in
979 1202 1088 1284 ulnas,

241 1316 405 1381 Turribus
423 1333 455 1381 et
468 1316 578 1382 solidis
595 1316 744 1382 munitus
760 1317 906 1382 vectibus
924 1317 1036 1383 ambit.

242 1431 375 1519 Septeni
391 1429 549 1496 claudunt
567 1431 680 1512 orbes,
695 1431 904 1519 triplicesque
920 1448 1056 1498 tuentur

134 1561 137 1568 '
242 1545 361 1611 AEratti
382 1547 531 1637 ingentes
550 1561 667 1636 portae3
688 1546 912 1634 supereminet
927 1548 1010 1612 altus

241 1661 379 1743 Murus,
401 1678 434 1726 et
450 1677 569 1726 auratae
585 1661 742 1726 decorant
759 1661 883 1752 fastigia
901 1662 1018 1750 pinnae.
1140 1678 1150 1690 “
1238 1685 1276 1735 ιφ

242 1776 369 1865 spargit
385 1775 593 1842 inexstinctas
611 1792 779 1864 portarum
799 1777 910 1842 limine
928 1778 961 1841 in
981 1779 1052 1867 ipso

242 1890 394 1956 Sublimis
412 1891 524 1981 regina
539 1891 643 1973 faces,
661 1907 758 1978 atque
773 1889 851 1956 inde
865 1893 1003 1957 Dianam

244 2006 335 2070 Ostia
352 2021 536 2071 sementem
554 2005 668 2072 Colchi
684 2005 815 2072 coluere
838 2007 979 2094 viasque.

239 2122 312 2210 Ipsa
330 2121 434 2186 oculis
451 2120 616 2186 horrende
630 2121 716 2186 viros
736 2137 835 2210 atque
851 2121 986 2192 omibus
999 2139 1102 2208 ercet,

241 2237 283 2301 Ni
299 2237 399 2302 luerit
414 2237 568 2327 precibus
582 2238 681 2302 sacris
697 2238 821 2326 placata
837 2239 984 2327 peractis.
1236 2263 1274 2315 ⁸9⁵

241 2352 324 2435 Qua
337 2352 453 2419 Medea
469 2354 573 2418 sciens
590 2353 744 2418 libamina
758 2353 827 2418 sola
839 2354 1003 2437 sacerdos,

241 2469 283 2533 Et
298 2469 393 2534 sociae
410 2492 529 2560 magrro
551 2469 657 2535 celant
672 2468 822 2558 Cyteides
837 2485 920 2534 astu.

241 2583 309 2649 Nec
325 2585 404 2649 civis
420 2585 555 2649 veniens
573 2585 650 2649 illuc
667 2585 886 2673 quicumque,
900 2586 951 2649 vel
968 2585 1086 2668 hostis,

242 2699 401 2763 lnteriora
416 2699 506 2763 subit
525 2699 652 2763 mortali
670 2699 783 2762 limina
796 2721 919 2788 gressu.

240 2813 324 2880 Nam
339 2813 494 2902 prohibet
505 2812 823 2900 quemeumqueviae
836 2812 904 2878 dux
919 2828 952 2878 et
965 2813 1025 2879 dea
1038 2833 1166 2900 custos,
1235 2851 1274 2891 900
1289 2801 1292 2808 Δ

239 2929 424 2992 Immittens
440 2926 562 2992 rabiem
580 2926 693 2991 catulis
708 2927 789 2990 irata
803 2927 936 2992 serenis.

239 3043 382 3106 Interior
399 3054 493 3130 sepes
513 3063 683 3105 murorum
701 3039 816 3104 circuit
834 3041 966 3106 bortum
1126 3127 1130 3134 Ι

240 3157 441 3224 Umbrosum
459 3156 630 3222 arboribus
648 3156 711 3220 late
727 3155 962 3242 crescentibus3
982 3159 1047 3224 illic
1133 3195 1138 3222 t

240 3276 325 3340 Cum
342 3275 452 3339 cornis
470 3272 614 3363 pulchrae
629 3273 760 3353 laurus,
778 3273 966 3362 platanique
978 3273 1113 3341 decoroe.

239 3391 301 3456 Hic
316 3391 414 3456 etiam
428 3389 535 3478 partis
553 3403 644 3453 tectae
658 3385 821 3452 radicibus
839 3388 965 3471 herbae,
1234 3416 1272 3467 με

239 3507 462 3598 Asphodelus,
485 3507 733 3595 clymenusque,
748 3521 781 3568 et
798 3505 967 3592 pulchrior
982 3506 1033 3570 his
1057 3506 1223 3594 adiantus,

241 3621 283 3686 Et
296 3622 417 3710 thr-yon
433 3620 589 3702 imbellis,
606 3620 867 3707 aristereonque,
883 3643 1109 3710 cyperonque,

238 3737 414 3817 Hermion,
431 3737 604 3826 irysimon,
624 3735 806 3822 devotaque
825 3737 975 3824 cyclamis
991 3739 1073 3821 aris,

233 3851 397 3929 stoechas,
420 3853 628 3940 pomumque,
648 3865 681 3914 et
696 3871 787 3914 ramo
803 3825 902 3916 divite
917 3870 1065 3919 crescens

237 3966 467 4056 Mandragorae,
485 3985 519 4031 et
534 3968 662 4055 polion,
676 3966 803 4031 subtilis
819 3967 980 4033 dictamus
999 3993 1082 4051 una,
1232 4009 1271 4047 910

238 4081 298 4148 llio
312 4099 344 4146 et
360 4082 462 4146 odora
473 4103 605 4178 crocus,
622 4082 676 4146 bic
690 4081 884 4163 cardamon,
905 4084 959 4148 hic
973 4105 1108 4174 quoque
1118 4109 1244 4174 cemus,

1091 4225 1143 4266 20.
