3022 4678
257 349 318 423 164
358 345 408 408 ΙΝ
437 345 523 426 LlB.
547 343 802 408 SEPTIMUM
825 343 1214 409 ARGONAUTICON

253 491 288 502 —
297 461 328 512 ln
343 459 424 512 verbo
437 458 545 527 effudere
563 456 702 528 imaginem
721 457 818 521 baben
829 457 866 509 sic
876 456 949 528 Virg.
962 458 1058 528 Georg.
1071 458 1100 519 1,
1115 457 1164 510 512
1175 473 1181 508 :
1199 437 1319 524 Ut'qurrm

252 546 387 595 carceribus
399 560 450 592 sese
461 537 581 592 effudere
592 543 728 609 quadriga.

288 679 323 731 V.
339 679 389 748 573
392 712 746 730 .....................
766 681 860 730 horruit
871 680 959 730 wdas

403 765 451 828 Qui
460 765 532 812 modo
542 764 660 830 vigineis
668 765 759 813 serrari
769 765 879 812 cantibus
890 765 950 813 Idas

404 847 500 902 Flebat,
513 859 538 894 et
546 846 619 895 inrito
623 848 754 912 prospexit
764 848 881 896 Colchida
893 849 974 897 outre.

254 971 348 1026 Merito
363 983 437 1025 notet
448 971 601 1041 Wagnerus
612 973 640 1024 in
653 971 705 1023 hoc
719 972 778 1024 loeo
785 971 797 1037 ,'
809 972 967 1028 anteriorem
976 970 1031 1025 ldie
1044 973 1204 1025 mentionem
1217 969 1319 1024 deside·

159 1107 164 1121 ,
253 1055 305 1109 reri
318 1075 327 1120 ;
342 1057 417 1129 cujus
431 1053 548 1108 defectus
564 1067 589 1107 et
603 1065 719 1108 nostrum
734 1067 759 1108 et
773 1075 863 1110 eorum
877 1056 1029 1128 opinionem
1041 1057 1195 1122 confirmat,
1208 1056 1256 1128 qni
1267 1055 1318 1107 Ve-

253 1138 349 1193 lerium
362 1151 460 1210 negant
472 1157 603 1193 eumenem
613 1139 687 1210 operi
699 1157 809 1192 menum
823 1139 984 1193 adhibuisse.

289 1285 324 1337 V.
340 1285 399 1354 578.
419 1288 453 1334 Et
470 1299 591 1335 errantem
608 1287 698 1334 denua
716 1288 763 1335 ciet
775 1289 857 1336 obvius
875 1289 961 1354 ignem.
975 1315 1009 1324 -
1024 1291 1153 1338 Errantem
1171 1286 1250 1353 ignem
1270 1301 1320 1355 pro

254 1373 331 1421 tauris
343 1371 422 1437 ignem
434 1369 481 1418 buc
492 1369 549 1418 illuc
566 1369 799 1434 circumferentibus,
810 1365 895 1418 auden
909 1379 947 1418 eet
959 1367 1099 1420 locutionis
1110 1383 1210 1438 genus,
1224 1365 1270 1418 sed
1285 1365 1320 1418 ab

253 1451 308 1525 ipse
320 1451 416 1505 subules
429 1461 523 1504 nature
535 1449 678 1522 prolatum.

289 1605 322 1658 V.
336 1605 395 1673 590.
416 1607 449 1653 Et
466 1614 520 1652 tota
534 1604 647 1652 nitentem
660 1603 773 1651 cornibus
785 1602 832 1652 ira.
843 1590 878 1640 -’-
891 1598 1020 1652 Codicum
1032 1598 1126 1662 lectio,
1138 1601 1254 1649 carminis
1263 1603 1320 1662 ira,

255 1690 345 1762 potior
354 1685 422 1741 mihi
431 1685 535 1740 videtur
544 1684 657 1755 vulgate.
670 1687 772 1736 Comen
785 1687 874 1735 iratum
882 1683 1024 1737 vehemens
1033 1695 1073 1735 est
1083 1683 1195 1746 beatio,
1211 1695 1237 1735 et
1246 1683 1320 1754 inge·

254 1771 404 1830 nioVeierii
413 1766 628 1829 incommodam,
642 1764 714 1837 apud
725 1785 804 1839 quern
814 1768 928 1821 occurrit
939 1771 977 1818 ire
987 1771 1073 1827 mens,
1087 1771 1125 1818 ira
1138 1770 1271 1836 insignitus,
1282 1769 1321 1818 ire

256 1866 343 1917 Lunoe,
356 1866 383 1909 et
395 1853 500 1907 similia.
517 1851 645 1904 Praeterea
655 1851 733 1902 lectio
744 1855 857 1903 nitentem
871 1851 982 1903 comibus
992 1850 1134 1922 imaginem
1145 1851 1256 1921 prebet,
1265 1853 1320 1923 jem

253 1959 349 2014 supra,
360 1958 388 1992 r.
399 1937 466 1999 588,
477 1934 609 2008 depictam
622 1934 664 1986 hie
675 1934 779 1987 verbis:
793 1937 850 1986 totis
858 1937 1012 2003 propendens
1025 1937 1118 1986 viribus
1131 1935 1214 1986 ltoeret.

292 2099 328 2149 V.
339 2101 391 2151 600
393 2129 538 2147 .........
554 2095 649 2144 invadit
659 2105 771 2160 totusque
780 2093 895 2143 incumbit
906 2097 982 2143 Inson

407 2185 524 2244 Desuper,
537 2191 612 2244 atque
622 2179 671 2228 suis
680 2179 897 2249 defixumjlatibus
911 2192 989 2246 urget.

257 2307 402 2364 Burmanni
412 2304 494 2360 codex
506 2321 556 2377 pro
559 2307 666 2375 statibus
677 2304 759 2358 babet
764 2308 865 2375 facibus
875 2328 885 2358 .·
894 2306 960 2378 qnid
971 2307 992 2360 ei
1005 2307 1074 2378 legas
1078 2309 1196 2376 faucibus
1205 2315 1218 2358 t
1227 2307 1255 2362 Si
1267 2305 1323 2378 ple-

162 2391 166 2402 ’
257 2399 299 2443 cet
312 2385 380 2438 nibil
391 2395 510 2449 mutare,
525 2395 585 2454 post
595 2386 704 2454 defixum
720 2383 835 2437 subaudi
854 2400 938 2446 terrie,
949 2403 981 2440 ac
993 2391 1021 2442 τὸ
1031 2390 1080 2439 suis
1083 2390 1189 2457 fletibus
1200 2401 1269 2454 urget
1281 2385 1322 2437 in·

259 2471 346 2542 tellige
356 2468 391 2522 de
402 2467 506 2520 lenonie
523 2485 607 2540 prono
625 2485 737 2538 corpore
748 2467 868 2534 eominus
886 2468 914 2520 in
928 2479 1032 2522 taurum
1050 2471 1233 2535 incumbente,
1246 2469 1282 2522 im
1295 2480 1324 2521 ut

258 2573 319 2608 eum
332 2551 447 2607 anhelitu
463 2569 511 2604 suo
524 2561 660 2623 tamqnam
673 2569 790 2622 premere
801 2550 952 2616 vider-etun
967 2557 1142 2627 suncstaribus
1156 2573 1240 2623 urgere
1253 2554 1323 2608 idem

258 2635 418 2709 significabit
435 2635 508 2707 quod
525 2627 627 2707 efflare,
650 2653 743 2707 supra,
759 2635 809 2702 v1,
831 2635 906 2706 173:
925 2640 1015 2704 uirque
1034 2640 1114 2688 virum
1129 2641 1207 2706 galeis
1229 2641 1325 2720 afflavit

168 2779 173 2802 ι
258 2725 364 2774 ductis.

292 2858 328 2910 V.
341 2861 400 2922 604.
413 2863 470 2909 Non
480 2862 554 2910 aliter
561 2863 641 2910 medio
653 2877 728 2928 quens
736 2864 758 2911 si
766 2863 858 2912 telluris
867 2863 938 2912 biatu

411 2947 488 3010 Terga
503 2944 604 2993 recentis
619 2946 688 3010 equi,
698 2946 854 3010 primumque
869 2947 957 2994 invasit
973 2947 1073 2995 habenis

413 3029 532 3076 Meretur.

261 3143 313 3196 Pro
324 3162 400 3211 quam
412 3144 435 3193 ti
445 3141 552 3195 mallem
562 3162 637 3209 qutun
650 3163 738 3210 quum,
748 3153 778 3194 ut
788 3142 856 3196 inire
864 3185 871 3205 ,
880 3165 905 3198 v.
916 3145 977 3200 6²3.
988 3179 1023 3190 -
1035 3151 1154 3199 Incedere
1166 3151 1264 3200 habenis
1272 3151 1325 3216 pri·

259 3249 323 3279 msam
341 3246 456 3278 murmur.
471 3225 547 3278 Hane
564 3225 705 3278 lectionem
718 3238 821 3279 mutare
835 3239 1002 3284 tentaverunt
1019 3231 1143 3284 Heinsius
1155 3249 1186 3284 ac
1199 3231 1326 3283 Burman·

261 3330 312 3366 nus
322 3329 329 3374 ;
341 3327 409 3383 quos
422 3306 557 3380 quomodo
571 3308 695 3362 fefellerit
707 3321 761 3364 tam
772 3311 880 3384 insignis
893 3314 1007 3382 locutio,
1022 3317 1112 3368 miror.

296 3461 329 3507 V.
339 3456 399 3525 607.
413 3457 471 3514 lile,
484 3458 555 3518 velut
565 3473 663 3522 campos
676 3459 760 3522 Libyes
774 3478 805 3509 ao
811 3463 916 3530 pinguia
930 3467 984 3514 Nili

412 3539 506 3589 Fertilis
518 3557 578 3588 arra
586 3553 663 3596 secet,
674 3544 748 3606 plena
758 3544 793 3593 sic
805 3547 899 3596 semina
912 3548 1003 3596 dextra

412 3624 530 3688 Spargere
537 3623 633 3689 gaudet
641 3626 708 3690 agris
716 3661 724 3687 ,
733 3641 867 3694 oneratque
879 3632 978 3681 novalia
991 3631 1061 3682 bello.

263 3756 354 3820 Quum
364 3753 470 3826 benigni
483 3755 539 3826 egri
551 3756 648 3826 largius
664 3776 695 3812 nc
713 3760 819 3831 spissim
838 3775 958 3816 seruntur
970 3783 1049 3835 quem
1067 3765 1198 3836 improbi,
1216 3765 1328 3836 lingitur

262 3839 342 3891 iacun
351 3855 406 3890 non
413 3839 536 3909 parciore
544 3857 625 3894 mauu
632 3861 720 3896 remen
728 3863 862 3920 spargens,
869 3865 947 3919 quam
956 3849 978 3901 si
990 3848 1082 3902 fertilia
1091 3850 1182 3923 Libye
1190 3849 1328 3922 etAEgypti

264 3935 325 3971 orvs
336 3917 453 3970 seminet.
467 3918 541 3973 Istud
552 3936 731 3978 commentum
744 3930 859 3984 maxime
875 3931 1009 4001 poeticum
1022 3933 1172 4005 splendidae
1183 3952 1213 3986 no
1225 3931 1329 3986 vividas

265 3999 409 4054 locutiones
426 4021 456 4054 ex
471 4021 498 4056 se
511 4004 581 4057 velut
601 4021 694 4078 sponte
714 4013 844 4084 suggerit,
855 4013 945 4084 quales
959 4018 1062 4076 belluam,
1075 4035 1126 4087 pro
1138 4016 1239 4070 semine
1257 4014 1329 4068 nude

263 4085 344 4158 arturi
357 4097 419 4146 erint
428 4087 583 4153 bellatorem
595 4094 710 4144 bellatrix
720 4099 806 4162 gleba,
819 4107 868 4149 etc.
