<?xml version="1.0" encoding="UTF-8"?>
<!DOCTYPE html PUBLIC "-//W3C//DTD XHTML 1.0 Transitional//EN"
    "http://www.w3.org/TR/xhtml1/DTD/xhtml1-transitional.dtd">
<html xmlns="http://www.w3.org/1999/xhtml" xml:lang="en" lang="en">
 <head>
  <title>
</title>
<meta http-equiv="Content-Type" content="text/html;charset=utf-8" />
  <meta name='ocr-system' content='tesseract 3.04.00' />
  <meta name='ocr-capabilities' content='ocr_page ocr_carea ocr_par ocr_line ocrx_word'/>
</head>
<body>
  <div class='ocr_page' id='page_1' title='image "./cvaleriiflaccis02apolgoog_0401.png"; bbox 0 0 2994 4702; ppageno 0'>
   <div class='ocr_carea' id='block_1_1' title="bbox 502 403 1250 502">
    <p class='ocr_par' dir='ltr' id='par_1_1' title="bbox 502 403 1250 502">
     <span class='ocr_line' id='line_1_1' title="bbox 502 403 1250 502; baseline -0.005 -30"><span class='ocrx_word' id='word_1_1' title='bbox 502 404 931 502; x_wconf 72' lang='lat' dir='ltr'>inconsurnnun.</span> <span class='ocrx_word' id='word_1_2' title='bbox 1187 403 1250 488; x_wconf 78' lang='lat'>39⁵</span> 
     </span>
    </p>
   </div>
   <div class='ocr_carea' id='block_1_2' title="bbox 188 523 1307 2391">
    <p class='ocr_par' dir='ltr' id='par_1_2' title="bbox 188 523 1307 2391">
     <span class='ocr_line' id='line_1_2' title="bbox 188 523 1252 614; baseline -0.013 -14"><span class='ocrx_word' id='word_1_3' title='bbox 188 535 283 600; x_wconf 81' lang='lat' dir='ltr'>etism</span> <span class='ocrx_word' id='word_1_4' title='bbox 297 531 401 596; x_wconf 87' lang='lat' dir='ltr'>lilium</span> <span class='ocrx_word' id='word_1_5' title='bbox 411 532 538 596; x_wconf 81' lang='lat' dir='ltr'>Actoris</span> <span class='ocrx_word' id='word_1_6' title='bbox 550 529 629 598; x_wconf 87' lang='lat' dir='ltr'>dicit</span> <span class='ocrx_word' id='word_1_7' title='bbox 636 529 827 596; x_wconf 75' lang='lat' dir='ltr'><strong>scholiastes</strong></span> <span class='ocrx_word' id='word_1_8' title='bbox 837 527 989 614; x_wconf 77' lang='lat' dir='ltr'>Apollon.</span> <span class='ocrx_word' id='word_1_9' title='bbox 1002 523 1110 590; x_wconf 82' lang='lat' dir='ltr'>Rhod.</span> <span class='ocrx_word' id='word_1_10' title='bbox 1123 524 1179 588; x_wconf 90' lang='lat' dir='ltr'>lib.</span> <span class='ocrx_word' id='word_1_11' title='bbox 1194 525 1252 605; x_wconf 85' lang='lat' dir='ltr'>lv,</span> 
     </span>
     <span class='ocr_line' id='line_1_3' title="bbox 189 629 1252 720; baseline -0.009 -18"><span class='ocrx_word' id='word_1_12' title='bbox 189 637 269 720; x_wconf 76' lang='lat'>816,</span> <span class='ocrx_word' id='word_1_13' title='bbox 281 637 338 702; x_wconf 90' lang='lat' dir='ltr'>ubi</span> <span class='ocrx_word' id='word_1_14' title='bbox 355 635 461 718; x_wconf 76' lang='lat' dir='ltr'>addit,</span> <span class='ocrx_word' id='word_1_15' title='bbox 481 639 549 718; x_wconf 86' lang='lat' dir='ltr'>ejus</span> <span class='ocrx_word' id='word_1_16' title='bbox 563 635 660 702; x_wconf 83' lang='lat' dir='ltr'>liliam</span> <span class='ocrx_word' id='word_1_17' title='bbox 677 633 887 700; x_wconf 75' lang='lat' dir='ltr'>Philomelam</span> <span class='ocrx_word' id='word_1_18' title='bbox 900 631 1008 698; x_wconf 83' lang='lat' dir='ltr'>dstsnr</span> <span class='ocrx_word' id='word_1_19' title='bbox 1024 630 1124 694; x_wconf 84' lang='lat' dir='ltr'>fuisse</span> <span class='ocrx_word' id='word_1_20' title='bbox 1139 629 1252 709; x_wconf 67' lang='lat' dir='ltr'>Puto,</span> 
     </span>
     <span class='ocr_line' id='line_1_4' title="bbox 188 735 1253 831; baseline -0.011 -23"><span class='ocrx_word' id='word_1_21' title='bbox 188 765 285 831; x_wconf 78' lang='lat' dir='ltr'>quem</span> <span class='ocrx_word' id='word_1_22' title='bbox 303 759 410 808; x_wconf 74' lang='lat' dir='ltr'>umen</span> <span class='ocrx_word' id='word_1_23' title='bbox 433 741 582 831; x_wconf 81' lang='lat' dir='ltr'>Hyginus</span> <span class='ocrx_word' id='word_1_24' title='bbox 600 741 676 806; x_wconf 76' lang='lat' dir='ltr'>neit</span> <span class='ocrx_word' id='word_1_25' title='bbox 694 756 830 805; x_wconf 80' lang='lat' dir='ltr'>manem</span> <span class='ocrx_word' id='word_1_26' title='bbox 849 735 1005 817; x_wconf 74' lang='lat' dir='ltr'><strong>Patrocli,</strong></span> <span class='ocrx_word' id='word_1_27' title='bbox 1024 755 1102 824; x_wconf 79' lang='lat' dir='ltr'>ergo</span> <span class='ocrx_word' id='word_1_28' title='bbox 1117 751 1253 798; x_wconf 80' lang='lat' dir='ltr'>uxorem</span> 
     </span>
     <span class='ocr_line' id='line_1_5' title="bbox 188 839 1256 935; baseline -0.009 -23"><span class='ocrx_word' id='word_1_29' title='bbox 188 846 354 930; x_wconf 77' lang='lat' dir='ltr'>Menoetii3</span> <span class='ocrx_word' id='word_1_30' title='bbox 375 846 448 912; x_wconf 75' lang='lat' dir='ltr'>vide</span> <span class='ocrx_word' id='word_1_31' title='bbox 464 845 505 912; x_wconf 83' lang='lat' dir='ltr'>dc</span> <span class='ocrx_word' id='word_1_32' title='bbox 518 846 570 910; x_wconf 87' lang='lat' dir='ltr'>his</span> <span class='ocrx_word' id='word_1_33' title='bbox 585 845 725 934; x_wconf 80' lang='lat' dir='ltr'>amplius</span> <span class='ocrx_word' id='word_1_34' title='bbox 741 859 890 935; x_wconf 70' lang='lat' dir='ltr'>egentem</span> <span class='ocrx_word' id='word_1_35' title='bbox 906 840 1131 908; x_wconf 86' lang='lat' dir='ltr'>doctissimum</span> <span class='ocrx_word' id='word_1_36' title='bbox 1148 839 1256 903; x_wconf 79' lang='lat' dir='ltr'>Mete·</span> 
     </span>
     <span class='ocr_line' id='line_1_6' title="bbox 189 942 1253 1042; baseline -0.01 -24"><span class='ocrx_word' id='word_1_37' title='bbox 189 954 312 1020; x_wconf 78' lang='lat' dir='ltr'>rincum</span> <span class='ocrx_word' id='word_1_38' title='bbox 331 953 372 1018; x_wconf 86' lang='lat' dir='ltr'>nd</span> <span class='ocrx_word' id='word_1_39' title='bbox 390 951 484 1020; x_wconf 74' lang='lat' dir='ltr'>Ouid.</span> <span class='ocrx_word' id='word_1_40' title='bbox 501 953 602 1042; x_wconf 80' lang='lat' dir='ltr'>Epist.</span> <span class='ocrx_word' id='word_1_41' title='bbox 613 953 644 1034; x_wconf 94' lang='lat' dir='ltr'>l,</span> <span class='ocrx_word' id='word_1_42' title='bbox 661 973 708 1016; x_wconf 82' lang='lat' dir='ltr'>vs.</span> <span class='ocrx_word' id='word_1_43' title='bbox 727 973 785 1038; x_wconf 70' lang='lat'>¹75</span> <span class='ocrx_word' id='word_1_44' title='bbox 800 966 833 1014; x_wconf 86' lang='lat' dir='ltr'>et</span> <span class='ocrx_word' id='word_1_45' title='bbox 845 947 1044 1014; x_wconf 81' lang='lat' dir='ltr'>Munclrerus</span> <span class='ocrx_word' id='word_1_46' title='bbox 1061 965 1196 1034; x_wconf 83' lang='lat' dir='ltr'>quoquc</span> <span class='ocrx_word' id='word_1_47' title='bbox 1210 942 1253 1008; x_wconf 80' lang='lat' dir='ltr'>sd</span> 
     </span>
     <span class='ocr_line' id='line_1_7' title="bbox 190 1054 1253 1148; baseline -0.008 -23"><span class='ocrx_word' id='word_1_48' title='bbox 190 1057 312 1147; x_wconf 67' lang='lat' dir='ltr'>Hygini</span> <span class='ocrx_word' id='word_1_49' title='bbox 337 1081 407 1148; x_wconf 68' lang='lat' dir='ltr'>cup.</span> <span class='ocrx_word' id='word_1_50' title='bbox 430 1079 484 1146; x_wconf 87' lang='lat'>97,</span> <span class='ocrx_word' id='word_1_51' title='bbox 510 1057 673 1124; x_wconf 72' lang='lat' dir='ltr'>&amp;hemian</span> <span class='ocrx_word' id='word_1_52' title='bbox 695 1055 840 1122; x_wconf 81' lang='lat' dir='ltr'>Menoetii</span> <span class='ocrx_word' id='word_1_53' title='bbox 863 1076 999 1120; x_wconf 82' lang='lat' dir='ltr'>uxorem</span> <span class='ocrx_word' id='word_1_54' title='bbox 1024 1054 1124 1118; x_wconf 84' lang='lat' dir='ltr'>lirisse</span> <span class='ocrx_word' id='word_1_55' title='bbox 1151 1063 1253 1116; x_wconf 79' lang='lat' dir='ltr'>notet.</span> 
     </span>
     <span class='ocr_line' id='line_1_8' title="bbox 191 1155 1252 1240; baseline -0.012 -8"><span class='ocrx_word' id='word_1_56' title='bbox 191 1163 322 1232; x_wconf 77' lang='lat' dir='ltr'>Achillis</span> <span class='ocrx_word' id='word_1_57' title='bbox 347 1165 443 1230; x_wconf 87' lang='lat' dir='ltr'>etism</span> <span class='ocrx_word' id='word_1_58' title='bbox 467 1180 603 1228; x_wconf 72' lang='lat' dir='ltr'>matrem</span> <span class='ocrx_word' id='word_1_59' title='bbox 624 1161 833 1228; x_wconf 71' lang='lat' dir='ltr'>Pidomslam</span> <span class='ocrx_word' id='word_1_60' title='bbox 854 1160 971 1240; x_wconf 85' lang='lat' dir='ltr'>fuisse,</span> <span class='ocrx_word' id='word_1_61' title='bbox 998 1156 1141 1223; x_wconf 76' lang='lat' dir='ltr'>ostendit</span> <span class='ocrx_word' id='word_1_62' title='bbox 1165 1155 1252 1220; x_wconf 90' lang='lat' dir='ltr'>idem</span> 
     </span>
     <span class='ocr_line' id='line_1_9' title="bbox 190 1265 1253 1358; baseline -0.011 -22"><span class='ocrx_word' id='word_1_63' title='bbox 190 1269 384 1336; x_wconf 68' lang='lat' dir='ltr'>umerum</span> <span class='ocrx_word' id='word_1_64' title='bbox 397 1268 439 1336; x_wconf 89' lang='lat' dir='ltr'>sd</span> <span class='ocrx_word' id='word_1_65' title='bbox 454 1270 584 1336; x_wconf 87' lang='lat' dir='ltr'>initium</span> <span class='ocrx_word' id='word_1_66' title='bbox 599 1270 701 1358; x_wconf 85' lang='lat' dir='ltr'>Epist.</span> <span class='ocrx_word' id='word_1_67' title='bbox 717 1269 767 1333; x_wconf 89' lang='lat'>111</span> <span class='ocrx_word' id='word_1_68' title='bbox 782 1266 899 1332; x_wconf 84' lang='lat' dir='ltr'>Ovidii.</span> <span class='ocrx_word' id='word_1_69' title='bbox 919 1265 1059 1330; x_wconf 88' lang='lat' dir='ltr'>Potuere</span> <span class='ocrx_word' id='word_1_70' title='bbox 1074 1283 1151 1327; x_wconf 86' lang='lat' dir='ltr'>vero</span> <span class='ocrx_word' id='word_1_71' title='bbox 1171 1281 1253 1326; x_wconf 89' lang='lat' dir='ltr'>oon·</span> 
     </span>
     <span class='ocr_line' id='line_1_10' title="bbox 189 1365 1253 1456; baseline -0.007 -20"><span class='ocrx_word' id='word_1_72' title='bbox 189 1371 269 1438; x_wconf 75' lang='lat' dir='ltr'>fuss</span> <span class='ocrx_word' id='word_1_73' title='bbox 277 1374 375 1440; x_wconf 84' lang='lat' dir='ltr'>fuisse</span> <span class='ocrx_word' id='word_1_74' title='bbox 393 1374 466 1440; x_wconf 77' lang='lat' dir='ltr'>duo</span> <span class='ocrx_word' id='word_1_75' title='bbox 486 1375 652 1456; x_wconf 82' lang='lat' dir='ltr'>mulieres,</span> <span class='ocrx_word' id='word_1_76' title='bbox 673 1372 861 1452; x_wconf 73' lang='lat' dir='ltr'>Philomela,</span> <span class='ocrx_word' id='word_1_77' title='bbox 875 1371 1000 1436; x_wconf 81' lang='lat' dir='ltr'>Actoris</span> <span class='ocrx_word' id='word_1_78' title='bbox 1014 1369 1092 1449; x_wconf 83' lang='lat' dir='ltr'>iilis,</span> <span class='ocrx_word' id='word_1_79' title='bbox 1107 1365 1253 1432; x_wconf 86' lang='lat' dir='ltr'>Moenctii</span> 
     </span>
     <span class='ocr_line' id='line_1_11' title="bbox 190 1474 1251 1569; baseline -0.007 -26"><span class='ocrx_word' id='word_1_80' title='bbox 190 1500 299 1561; x_wconf 88' lang='lat' dir='ltr'>soror,</span> <span class='ocrx_word' id='word_1_81' title='bbox 323 1503 421 1569; x_wconf 81' lang='lat' dir='ltr'>quent</span> <span class='ocrx_word' id='word_1_82' title='bbox 439 1481 533 1548; x_wconf 82' lang='lat' dir='ltr'>duxit</span> <span class='ocrx_word' id='word_1_83' title='bbox 553 1481 684 1562; x_wconf 87' lang='lat' dir='ltr'>Peleus,</span> <span class='ocrx_word' id='word_1_84' title='bbox 709 1497 742 1544; x_wconf 89' lang='lat' dir='ltr'>et</span> <span class='ocrx_word' id='word_1_85' title='bbox 758 1477 929 1566; x_wconf 75' lang='lat' dir='ltr'>Polynieis,</span> <span class='ocrx_word' id='word_1_86' title='bbox 950 1477 1035 1542; x_wconf 89' lang='lat' dir='ltr'>Pelei</span> <span class='ocrx_word' id='word_1_87' title='bbox 1053 1474 1133 1555; x_wconf 82' lang='lat' dir='ltr'>filis,</span> <span class='ocrx_word' id='word_1_88' title='bbox 1152 1495 1251 1560; x_wconf 82' lang='lat' dir='ltr'>quem</span> 
     </span>
     <span class='ocr_line' id='line_1_12' title="bbox 191 1579 1252 1674; baseline -0.008 -26"><span class='ocrx_word' id='word_1_89' title='bbox 191 1583 284 1650; x_wconf 84' lang='lat' dir='ltr'>duxit</span> <span class='ocrx_word' id='word_1_90' title='bbox 293 1586 475 1668; x_wconf 81' lang='lat' dir='ltr'>Menoetius,</span> <span class='ocrx_word' id='word_1_91' title='bbox 488 1587 579 1667; x_wconf 86' lang='lat' dir='ltr'>cujus</span> <span class='ocrx_word' id='word_1_92' title='bbox 593 1609 715 1652; x_wconf 88' lang='lat' dir='ltr'>nornen</span> <span class='ocrx_word' id='word_1_93' title='bbox 726 1607 787 1674; x_wconf 86' lang='lat' dir='ltr'>pro</span> <span class='ocrx_word' id='word_1_94' title='bbox 797 1584 973 1648; x_wconf 73' lang='lat' dir='ltr'>Plrihmsla</span> <span class='ocrx_word' id='word_1_95' title='bbox 986 1580 1073 1671; x_wconf 79' lang='lat' dir='ltr'>apud</span> <span class='ocrx_word' id='word_1_96' title='bbox 1086 1579 1252 1669; x_wconf 81' lang='lat' dir='ltr'>Hyginum</span> 
     </span>
     <span class='ocr_line' id='line_1_13' title="bbox 192 1683 1307 1777; baseline -0.006 -23"><span class='ocrx_word' id='word_1_97' title='bbox 192 1705 275 1754; x_wconf 85' lang='lat' dir='ltr'>esset</span> <span class='ocrx_word' id='word_1_98' title='bbox 292 1691 550 1774; x_wconf 87' lang='lat' dir='ltr'>restituendum,</span> <span class='ocrx_word' id='word_1_99' title='bbox 569 1693 595 1756; x_wconf 87' lang='lat' dir='ltr'>si</span> <span class='ocrx_word' id='word_1_100' title='bbox 613 1713 689 1757; x_wconf 83' lang='lat' dir='ltr'>vers</span> <span class='ocrx_word' id='word_1_101' title='bbox 707 1708 799 1770; x_wconf 87' lang='lat' dir='ltr'>sunt,</span> <span class='ocrx_word' id='word_1_102' title='bbox 815 1712 888 1777; x_wconf 82' lang='lat' dir='ltr'>quse</span> <span class='ocrx_word' id='word_1_103' title='bbox 904 1687 1110 1752; x_wconf 86' lang='lat' dir='ltr'>doctissimus</span> <span class='ocrx_word' id='word_1_104' title='bbox 1127 1685 1176 1749; x_wconf 89' lang='lat' dir='ltr'>vir</span> <span class='ocrx_word' id='word_1_105' title='bbox 1195 1683 1253 1748; x_wconf 83' lang='lat' dir='ltr'>sd·</span> <span class='ocrx_word' id='word_1_106' title='bbox 1305 1751 1307 1756; x_wconf 67' lang='grc'><em>,</em></span> 
     </span>
     <span class='ocr_line' id='line_1_14' title="bbox 193 1789 1254 1882; baseline -0.006 -24"><span class='ocrx_word' id='word_1_107' title='bbox 193 1811 286 1860; x_wconf 73' lang='lat' dir='ltr'>notat</span> <span class='ocrx_word' id='word_1_108' title='bbox 299 1795 340 1860; x_wconf 82' lang='lat' dir='ltr'>sd</span> <span class='ocrx_word' id='word_1_109' title='bbox 356 1796 451 1862; x_wconf 81' lang='lat' dir='ltr'>Ovid.</span> <span class='ocrx_word' id='word_1_110' title='bbox 468 1819 507 1864; x_wconf 81' lang='lat' dir='ltr'>ex</span> <span class='ocrx_word' id='word_1_111' title='bbox 525 1797 619 1862; x_wconf 87' lang='lat' dir='ltr'>Pont.</span> <span class='ocrx_word' id='word_1_112' title='bbox 634 1798 688 1878; x_wconf 92' lang='lat' dir='ltr'>ll,</span> <span class='ocrx_word' id='word_1_113' title='bbox 705 1801 744 1876; x_wconf 73' lang='grc'>4,</span> <span class='ocrx_word' id='word_1_114' title='bbox 770 1818 829 1876; x_wconf 78' lang='lat'>22,</span> <span class='ocrx_word' id='word_1_115' title='bbox 848 1793 995 1882; x_wconf 78' lang='lat' dir='ltr'>quamvis</span> <span class='ocrx_word' id='word_1_116' title='bbox 1013 1790 1102 1880; x_wconf 81' lang='lat' dir='ltr'>apud</span> <span class='ocrx_word' id='word_1_117' title='bbox 1119 1789 1254 1879; x_wconf 85' lang='lat' dir='ltr'>Apollo·</span> 
     </span>
     <span class='ocr_line' id='line_1_15' title="bbox 193 1897 1254 1990; baseline -0.005 -28"><span class='ocrx_word' id='word_1_118' title='bbox 193 1897 328 1984; x_wconf 83' lang='lat' dir='ltr'>dorum,</span> <span class='ocrx_word' id='word_1_119' title='bbox 345 1901 401 1965; x_wconf 93' lang='lat' dir='ltr'>lib.</span> <span class='ocrx_word' id='word_1_120' title='bbox 420 1903 489 1984; x_wconf 88' lang='lat' dir='ltr'>lll,</span> <span class='ocrx_word' id='word_1_121' title='bbox 507 1924 576 1990; x_wconf 76' lang='lat' dir='ltr'>cop.</span> <span class='ocrx_word' id='word_1_122' title='bbox 599 1925 658 1984; x_wconf 79' lang='lat' dir='ltr'>rs,</span> <span class='ocrx_word' id='word_1_123' title='bbox 679 1925 719 1966; x_wconf 83' lang='lat' dir='ltr'>er</span> <span class='ocrx_word' id='word_1_124' title='bbox 734 1901 936 1966; x_wconf 83' lang='lat' dir='ltr'>correctione</span> <span class='ocrx_word' id='word_1_125' title='bbox 952 1899 1059 1978; x_wconf 75' lang='lat' dir='ltr'>Geloi,</span> <span class='ocrx_word' id='word_1_126' title='bbox 1076 1918 1143 1960; x_wconf 89' lang='lat' dir='ltr'>non</span> <span class='ocrx_word' id='word_1_127' title='bbox 1161 1917 1254 1981; x_wconf 87' lang='lat' dir='ltr'>repe·</span> 
     </span>
     <span class='ocr_line' id='line_1_16' title="bbox 193 2000 1257 2093; baseline -0.008 -23"><span class='ocrx_word' id='word_1_128' title='bbox 193 2006 291 2088; x_wconf 78' lang='lat' dir='ltr'>riam,</span> <span class='ocrx_word' id='word_1_129' title='bbox 308 2005 503 2093; x_wconf 69' lang='lat' dir='ltr'>Polymslen,</span> <span class='ocrx_word' id='word_1_130' title='bbox 522 2008 607 2073; x_wconf 88' lang='lat' dir='ltr'>Pelei</span> <span class='ocrx_word' id='word_1_131' title='bbox 626 2006 741 2088; x_wconf 77' lang='lat' dir='ltr'>filium,</span> <span class='ocrx_word' id='word_1_132' title='bbox 754 2005 811 2072; x_wconf 88' lang='lat' dir='ltr'>sed</span> <span class='ocrx_word' id='word_1_133' title='bbox 825 2005 1038 2093; x_wconf 52' lang='lat' dir='ltr'>Pobdoram,</span> <span class='ocrx_word' id='word_1_134' title='bbox 1058 2025 1098 2067; x_wconf 82' lang='lat' dir='ltr'>cx</span> <span class='ocrx_word' id='word_1_135' title='bbox 1112 2025 1176 2090; x_wconf 79' lang='lat' dir='ltr'>qus</span> <span class='ocrx_word' id='word_1_136' title='bbox 1192 2000 1257 2064; x_wconf 82' lang='lat' dir='ltr'>Ms—</span> 
     </span>
     <span class='ocr_line' id='line_1_17' title="bbox 193 2105 1256 2180; baseline -0.008 -4"><span class='ocrx_word' id='word_1_137' title='bbox 193 2112 328 2176; x_wconf 70' lang='lat' dir='ltr'>rustitius</span> <span class='ocrx_word' id='word_1_138' title='bbox 341 2129 435 2178; x_wconf 85' lang='lat' dir='ltr'>nstus</span> <span class='ocrx_word' id='word_1_139' title='bbox 447 2113 519 2178; x_wconf 83' lang='lat' dir='ltr'>fuit.</span> <span class='ocrx_word' id='word_1_140' title='bbox 536 2113 600 2179; x_wconf 82' lang='lat' dir='ltr'>Sed</span> <span class='ocrx_word' id='word_1_141' title='bbox 616 2115 812 2180; x_wconf 72' lang='lat' dir='ltr'>Meteriscus</span> <span class='ocrx_word' id='word_1_142' title='bbox 826 2110 1034 2176; x_wconf 81' lang='lat' dir='ltr'>Euststhium</span> <span class='ocrx_word' id='word_1_143' title='bbox 1051 2108 1130 2173; x_wconf 92' lang='lat' dir='ltr'>dicit</span> <span class='ocrx_word' id='word_1_144' title='bbox 1147 2105 1256 2171; x_wconf 83' lang='lat' dir='ltr'>Achil·</span> 
     </span>
     <span class='ocr_line' id='line_1_18' title="bbox 194 2212 1255 2305; baseline -0.006 -25"><span class='ocrx_word' id='word_1_145' title='bbox 194 2217 257 2282; x_wconf 87' lang='lat' dir='ltr'>lem</span> <span class='ocrx_word' id='word_1_146' title='bbox 280 2217 384 2284; x_wconf 83' lang='lat' dir='ltr'>facere</span> <span class='ocrx_word' id='word_1_147' title='bbox 408 2217 510 2286; x_wconf 87' lang='lat' dir='ltr'>lilium</span> <span class='ocrx_word' id='word_1_148' title='bbox 535 2219 725 2305; x_wconf 79' lang='lat' dir='ltr'>Polymelss‚</span> <span class='ocrx_word' id='word_1_149' title='bbox 750 2218 876 2284; x_wconf 84' lang='lat' dir='ltr'>Actoris</span> <span class='ocrx_word' id='word_1_150' title='bbox 900 2217 987 2297; x_wconf 78' lang='lat' dir='ltr'>fitiae,</span> <span class='ocrx_word' id='word_1_151' title='bbox 1012 2237 1083 2303; x_wconf 82' lang='lat' dir='ltr'>quse</span> <span class='ocrx_word' id='word_1_152' title='bbox 1106 2228 1191 2277; x_wconf 88' lang='lat' dir='ltr'>certe</span> <span class='ocrx_word' id='word_1_153' title='bbox 1214 2212 1255 2275; x_wconf 83' lang='lat' dir='ltr'>ab</span> 
     </span>
     <span class='ocr_line' id='line_1_19' title="bbox 194 2321 616 2391; baseline 0.009 -5"><span class='ocrx_word' id='word_1_154' title='bbox 194 2321 262 2386; x_wconf 80' lang='lat' dir='ltr'>aliis</span> <span class='ocrx_word' id='word_1_155' title='bbox 281 2322 456 2388; x_wconf 76' lang='lat' dir='ltr'>Philomela</span> <span class='ocrx_word' id='word_1_156' title='bbox 473 2342 616 2391; x_wconf 75' lang='lat' dir='ltr'>vocatur.</span> 
     </span>
    </p>
   </div>
   <div class='ocr_carea' id='block_1_3' title="bbox 190 2552 1262 4118">
    <p class='ocr_par' dir='ltr' id='par_1_3' title="bbox 190 2552 1262 4118">
     <span class='ocr_line' id='line_1_20' title="bbox 239 2552 1256 2646; baseline -0.005 -29"><span class='ocrx_word' id='word_1_157' title='bbox 239 2554 422 2638; x_wconf 82' lang='lat' dir='ltr'><strong>MOPSUS,</strong></span> <span class='ocrx_word' id='word_1_158' title='bbox 438 2558 518 2621; x_wconf 91' lang='lat' dir='ltr'>nulli</span> <span class='ocrx_word' id='word_1_159' title='bbox 536 2557 673 2621; x_wconf 88' lang='lat' dir='ltr'>omissus</span> <span class='ocrx_word' id='word_1_160' title='bbox 689 2573 746 2620; x_wconf 87' lang='lat' dir='ltr'>aut</span> <span class='ocrx_word' id='word_1_161' title='bbox 761 2557 944 2646; x_wconf 76' lang='lat' dir='ltr'>ignoratus3</span> <span class='ocrx_word' id='word_1_162' title='bbox 961 2552 1188 2618; x_wconf 88' lang='lat' dir='ltr'>celeberrimus</span> <span class='ocrx_word' id='word_1_163' title='bbox 1205 2571 1256 2612; x_wconf 81' lang='lat' dir='ltr'>vn·</span> 
     </span>
     <span class='ocr_line' id='line_1_21' title="bbox 196 2655 1254 2748; baseline -0.004 -26"><span class='ocrx_word' id='word_1_164' title='bbox 196 2675 260 2740; x_wconf 87' lang='lat' dir='ltr'>tes,</span> <span class='ocrx_word' id='word_1_165' title='bbox 277 2674 315 2723; x_wconf 91' lang='lat' dir='ltr'>ut</span> <span class='ocrx_word' id='word_1_166' title='bbox 336 2681 411 2723; x_wconf 88' lang='lat' dir='ltr'>enm</span> <span class='ocrx_word' id='word_1_167' title='bbox 434 2661 519 2723; x_wconf 89' lang='lat' dir='ltr'>inter</span> <span class='ocrx_word' id='word_1_168' title='bbox 534 2661 659 2748; x_wconf 77' lang='lat' dir='ltr'>antiqui</span> <span class='ocrx_word' id='word_1_169' title='bbox 678 2661 819 2724; x_wconf 91' lang='lat' dir='ltr'>nominis</span> <span class='ocrx_word' id='word_1_170' title='bbox 838 2676 924 2724; x_wconf 81' lang='lat' dir='ltr'>votes</span> <span class='ocrx_word' id='word_1_171' title='bbox 947 2658 1086 2722; x_wconf 84' lang='lat' dir='ltr'>celebrat</span> <span class='ocrx_word' id='word_1_172' title='bbox 1105 2655 1254 2720; x_wconf 83' lang='lat' dir='ltr'>Clemens</span> 
     </span>
     <span class='ocr_line' id='line_1_22' title="bbox 198 2763 1255 2854; baseline -0.004 -28"><span class='ocrx_word' id='word_1_173' title='bbox 198 2764 370 2829; x_wconf 74' lang='lat' dir='ltr'>Alexandr.</span> <span class='ocrx_word' id='word_1_174' title='bbox 385 2766 502 2829; x_wconf 86' lang='lat' dir='ltr'>Stronr.</span> <span class='ocrx_word' id='word_1_175' title='bbox 519 2766 574 2831; x_wconf 91' lang='lat' dir='ltr'>lib.</span> <span class='ocrx_word' id='word_1_176' title='bbox 591 2767 624 2848; x_wconf 93' lang='lat'>1,</span> <span class='ocrx_word' id='word_1_177' title='bbox 641 2789 673 2854; x_wconf 89' lang='lat' dir='ltr'>p.</span> <span class='ocrx_word' id='word_1_178' title='bbox 688 2765 761 2831; x_wconf 89' lang='grc'>333.</span> <span class='ocrx_word' id='word_1_179' title='bbox 779 2767 944 2854; x_wconf 70' lang='lat' dir='ltr'>Anpycir,</span> <span class='ocrx_word' id='word_1_180' title='bbox 955 2766 1022 2844; x_wconf 81' lang='lat' dir='ltr'>vel,</span> <span class='ocrx_word' id='word_1_181' title='bbox 1041 2778 1078 2824; x_wconf 89' lang='lat' dir='ltr'>ut</span> <span class='ocrx_word' id='word_1_182' title='bbox 1091 2763 1160 2841; x_wconf 82' lang='lat' dir='ltr'>alii,</span> <span class='ocrx_word' id='word_1_183' title='bbox 1175 2763 1255 2823; x_wconf 88' lang='lat' dir='ltr'>Am·</span> 
     </span>
     <span class='ocr_line' id='line_1_23' title="bbox 190 2866 1257 2958; baseline 0.001 -28"><span class='ocrx_word' id='word_1_184' title='bbox 190 2871 279 2955; x_wconf 71' lang='lat' dir='ltr'>psci,</span> <span class='ocrx_word' id='word_1_185' title='bbox 297 2883 330 2932; x_wconf 90' lang='lat' dir='ltr'>et</span> <span class='ocrx_word' id='word_1_186' title='bbox 344 2867 501 2942; x_wconf 74' lang='lat' dir='ltr'>Chloridis</span> <span class='ocrx_word' id='word_1_187' title='bbox 516 2869 677 2958; x_wconf 81' lang='lat' dir='ltr'>Nymphoe</span> <span class='ocrx_word' id='word_1_188' title='bbox 694 2868 795 2947; x_wconf 88' lang='lat' dir='ltr'>filius,</span> <span class='ocrx_word' id='word_1_189' title='bbox 812 2869 965 2958; x_wconf 61' lang='lat' dir='ltr'>lapitha,</span> <span class='ocrx_word' id='word_1_190' title='bbox 985 2890 1023 2931; x_wconf 83' lang='lat' dir='ltr'>ex</span> <span class='ocrx_word' id='word_1_191' title='bbox 1033 2866 1204 2946; x_wconf 78' lang='lat' dir='ltr'>OEchalis,</span> <span class='ocrx_word' id='word_1_192' title='bbox 1219 2882 1257 2931; x_wconf 88' lang='lat' dir='ltr'>ut</span> 
     </span>
     <span class='ocr_line' id='line_1_24' title="bbox 197 2971 1258 3064; baseline 0 -28"><span class='ocrx_word' id='word_1_193' title='bbox 197 2971 347 3061; x_wconf 76' lang='lat' dir='ltr'>quidum,</span> <span class='ocrx_word' id='word_1_194' title='bbox 363 2975 412 3038; x_wconf 88' lang='lat' dir='ltr'>vel</span> <span class='ocrx_word' id='word_1_195' title='bbox 424 2975 617 3057; x_wconf 81' lang='lat' dir='ltr'>Titarensis,</span> <span class='ocrx_word' id='word_1_196' title='bbox 635 2991 717 3040; x_wconf 86' lang='lat' dir='ltr'>teste</span> <span class='ocrx_word' id='word_1_197' title='bbox 732 2976 872 3064; x_wconf 79' lang='lat' dir='ltr'>Hygino.</span> <span class='ocrx_word' id='word_1_198' title='bbox 889 2985 1033 3053; x_wconf 72' lang='grc' dir='ltr'>Τιταρήσιος</span> <span class='ocrx_word' id='word_1_199' title='bbox 1044 2971 1191 3058; x_wconf 84' lang='lat' dir='ltr'>Apollon.</span> <span class='ocrx_word' id='word_1_200' title='bbox 1203 2971 1258 3036; x_wconf 89' lang='lat' dir='ltr'>lib.</span> 
     </span>
     <span class='ocr_line' id='line_1_25' title="bbox 199 3077 1255 3169; baseline -0.004 -26"><span class='ocrx_word' id='word_1_201' title='bbox 199 3077 293 3163; x_wconf 82' lang='lat'>1,65;</span> <span class='ocrx_word' id='word_1_202' title='bbox 307 3079 439 3167; x_wconf 81' lang='lat' dir='ltr'>quidam</span> <span class='ocrx_word' id='word_1_203' title='bbox 449 3081 544 3145; x_wconf 87' lang='lat' dir='ltr'>etiam</span> <span class='ocrx_word' id='word_1_204' title='bbox 558 3081 754 3146; x_wconf 74' lang='lat' dir='ltr'>litamnium</span> <span class='ocrx_word' id='word_1_205' title='bbox 765 3079 938 3169; x_wconf 80' lang='lat' dir='ltr'>(Lycoplrr.</span> <span class='ocrx_word' id='word_1_206' title='bbox 948 3103 993 3146; x_wconf 84' lang='lat' dir='ltr'>vs.</span> <span class='ocrx_word' id='word_1_207' title='bbox 1005 3079 1064 3144; x_wconf 85' lang='lat'>881</span> <span class='ocrx_word' id='word_1_208' title='bbox 1074 3077 1255 3165; x_wconf 71' lang='grc' dir='ltr'>Τιταιρόνιιον)</span> 
     </span>
     <span class='ocr_line' id='line_1_26' title="bbox 197 3187 1255 3277; baseline 0.003 -30"><span class='ocrx_word' id='word_1_209' title='bbox 197 3202 332 3269; x_wconf 78' lang='lat' dir='ltr'>vocant,</span> <span class='ocrx_word' id='word_1_210' title='bbox 355 3187 431 3275; x_wconf 82' lang='lat' dir='ltr'>quin</span> <span class='ocrx_word' id='word_1_211' title='bbox 460 3203 548 3276; x_wconf 82' lang='lat' dir='ltr'>pater</span> <span class='ocrx_word' id='word_1_212' title='bbox 571 3189 706 3277; x_wconf 81' lang='lat' dir='ltr'>Ampyci</span> <span class='ocrx_word' id='word_1_213' title='bbox 730 3187 792 3252; x_wconf 87' lang='lat' dir='ltr'>fuit</span> <span class='ocrx_word' id='word_1_214' title='bbox 809 3187 961 3270; x_wconf 80' lang='lat' dir='ltr'>Titaron,</span> <span class='ocrx_word' id='word_1_215' title='bbox 985 3190 1036 3251; x_wconf 80' lang='lat' dir='ltr'>vel</span> <span class='ocrx_word' id='word_1_216' title='bbox 1062 3190 1102 3253; x_wconf 84' lang='lat' dir='ltr'>ab</span> <span class='ocrx_word' id='word_1_217' title='bbox 1134 3187 1255 3277; x_wconf 86' lang='lat' dir='ltr'>oppido</span> 
     </span>
     <span class='ocr_line' id='line_1_27' title="bbox 199 3287 1258 3380; baseline 0.005 -28"><span class='ocrx_word' id='word_1_218' title='bbox 199 3287 369 3354; x_wconf 80' lang='lat' dir='ltr'>Thessalioe</span> <span class='ocrx_word' id='word_1_219' title='bbox 394 3292 564 3374; x_wconf 82' lang='lat' dir='ltr'>Titsrone,</span> <span class='ocrx_word' id='word_1_220' title='bbox 589 3291 679 3380; x_wconf 92' lang='lat' dir='ltr'>quod</span> <span class='ocrx_word' id='word_1_221' title='bbox 702 3315 721 3356; x_wconf 79' lang='lat' dir='ltr'>a</span> <span class='ocrx_word' id='word_1_222' title='bbox 745 3291 903 3356; x_wconf 86' lang='lat' dir='ltr'>Titaresio</span> <span class='ocrx_word' id='word_1_223' title='bbox 926 3289 1060 3357; x_wconf 85' lang='lat' dir='ltr'>flumine</span> <span class='ocrx_word' id='word_1_224' title='bbox 1087 3293 1258 3358; x_wconf 74' lang='lat' dir='ltr'>Thessalico</span> 
     </span>
     <span class='ocr_line' id='line_1_28' title="bbox 199 3393 1258 3487; baseline 0.003 -27"><span class='ocrx_word' id='word_1_225' title='bbox 199 3393 362 3461; x_wconf 86' lang='lat' dir='ltr'>diversum</span> <span class='ocrx_word' id='word_1_226' title='bbox 379 3419 449 3462; x_wconf 84' lang='lat' dir='ltr'>esse</span> <span class='ocrx_word' id='word_1_227' title='bbox 466 3397 560 3462; x_wconf 86' lang='lat' dir='ltr'>docet</span> <span class='ocrx_word' id='word_1_228' title='bbox 577 3399 773 3487; x_wconf 80' lang='lat' dir='ltr'>Stephanus,</span> <span class='ocrx_word' id='word_1_229' title='bbox 791 3416 823 3463; x_wconf 88' lang='lat' dir='ltr'>et</span> <span class='ocrx_word' id='word_1_230' title='bbox 839 3399 986 3464; x_wconf 87' lang='lat' dir='ltr'>meminit</span> <span class='ocrx_word' id='word_1_231' title='bbox 998 3400 1066 3479; x_wconf 89' lang='lat' dir='ltr'>ejus</span> <span class='ocrx_word' id='word_1_232' title='bbox 1079 3401 1258 3482; x_wconf 81' lang='lat' dir='ltr'>Homerus,</span> 
     </span>
     <span class='ocr_line' id='line_1_29' title="bbox 200 3502 1257 3594; baseline 0.006 -28"><span class='ocrx_word' id='word_1_233' title='bbox 200 3502 288 3569; x_wconf 80' lang='lat' dir='ltr'>iliad.</span> <span class='ocrx_word' id='word_1_234' title='bbox 300 3506 351 3588; x_wconf 85' lang='lat'>11,</span> <span class='ocrx_word' id='word_1_235' title='bbox 369 3505 444 3594; x_wconf 83' lang='lat'>751,</span> <span class='ocrx_word' id='word_1_236' title='bbox 459 3506 517 3571; x_wconf 90' lang='lat' dir='ltr'>ubi</span> <span class='ocrx_word' id='word_1_237' title='bbox 533 3507 634 3572; x_wconf 84' lang='lat' dir='ltr'>mtdta</span> <span class='ocrx_word' id='word_1_238' title='bbox 647 3506 688 3570; x_wconf 93' lang='lat' dir='ltr'>de</span> <span class='ocrx_word' id='word_1_239' title='bbox 704 3529 744 3571; x_wconf 84' lang='lat' dir='ltr'>eo</span> <span class='ocrx_word' id='word_1_240' title='bbox 758 3505 892 3571; x_wconf 88' lang='lat' dir='ltr'>llnmine</span> <span class='ocrx_word' id='word_1_241' title='bbox 907 3505 1038 3572; x_wconf 85' lang='lat' dir='ltr'>adducit</span> <span class='ocrx_word' id='word_1_242' title='bbox 1053 3506 1257 3592; x_wconf 82' lang='lat' dir='ltr'>Eustathius,</span> 
     </span>
     <span class='ocr_line' id='line_1_30' title="bbox 201 3611 1259 3703; baseline 0.002 -27"><span class='ocrx_word' id='word_1_243' title='bbox 201 3613 258 3700; x_wconf 86' lang='lat' dir='ltr'>qui</span> <span class='ocrx_word' id='word_1_244' title='bbox 276 3635 351 3676; x_wconf 90' lang='lat' dir='ltr'>eum</span> <span class='ocrx_word' id='word_1_245' title='bbox 369 3635 408 3676; x_wconf 79' lang='lat' dir='ltr'>ex</span> <span class='ocrx_word' id='word_1_246' title='bbox 424 3613 536 3678; x_wconf 85' lang='lat' dir='ltr'>Titnro</span> <span class='ocrx_word' id='word_1_247' title='bbox 555 3629 685 3696; x_wconf 86' lang='lat' dir='ltr'>monte,</span> <span class='ocrx_word' id='word_1_248' title='bbox 712 3615 770 3701; x_wconf 88' lang='lat' dir='ltr'>qui</span> <span class='ocrx_word' id='word_1_249' title='bbox 787 3613 912 3678; x_wconf 83' lang='lat' dir='ltr'>vicinus</span> <span class='ocrx_word' id='word_1_250' title='bbox 934 3613 1091 3703; x_wconf 78' lang='lat' dir='ltr'>Olympo,</span> <span class='ocrx_word' id='word_1_251' title='bbox 1110 3611 1259 3697; x_wconf 84' lang='lat' dir='ltr'>effluere,</span> 
     </span>
     <span class='ocr_line' id='line_1_31' title="bbox 201 3717 1261 3810; baseline 0.002 -28"><span class='ocrx_word' id='word_1_252' title='bbox 201 3731 234 3782; x_wconf 86' lang='lat' dir='ltr'>et</span> <span class='ocrx_word' id='word_1_253' title='bbox 245 3719 389 3783; x_wconf 80' lang='lat' dir='ltr'>Eurotan</span> <span class='ocrx_word' id='word_1_254' title='bbox 409 3719 504 3784; x_wconf 82' lang='lat' dir='ltr'>etiam</span> <span class='ocrx_word' id='word_1_255' title='bbox 521 3717 715 3803; x_wconf 69' lang='lat' dir='ltr'>dici,&#39;notnt.</span> <span class='ocrx_word' id='word_1_256' title='bbox 734 3719 796 3786; x_wconf 90' lang='lat' dir='ltr'>Hic</span> <span class='ocrx_word' id='word_1_257' title='bbox 806 3742 883 3784; x_wconf 79' lang='lat' dir='ltr'>vero</span> <span class='ocrx_word' id='word_1_258' title='bbox 899 3719 1029 3810; x_wconf 82' lang='lat' dir='ltr'>Mopsus</span> <span class='ocrx_word' id='word_1_259' title='bbox 1044 3741 1127 3808; x_wconf 84' lang='lat' dir='ltr'>soepe</span> <span class='ocrx_word' id='word_1_260' title='bbox 1143 3719 1261 3784; x_wconf 82' lang='lat' dir='ltr'>coniu-</span> 
     </span>
     <span class='ocr_line' id='line_1_32' title="bbox 201 3825 1260 3915; baseline 0.001 -26"><span class='ocrx_word' id='word_1_261' title='bbox 201 3847 255 3889; x_wconf 88' lang='lat' dir='ltr'>sus</span> <span class='ocrx_word' id='word_1_262' title='bbox 274 3847 349 3889; x_wconf 90' lang='lat' dir='ltr'>oum</span> <span class='ocrx_word' id='word_1_263' title='bbox 366 3826 466 3889; x_wconf 85' lang='lat' dir='ltr'>altero</span> <span class='ocrx_word' id='word_1_264' title='bbox 482 3825 610 3915; x_wconf 86' lang='lat' dir='ltr'>Mopso,</span> <span class='ocrx_word' id='word_1_265' title='bbox 629 3825 759 3890; x_wconf 74' lang='lat' dir='ltr'>Tiresiae</span> <span class='ocrx_word' id='word_1_266' title='bbox 775 3825 858 3908; x_wconf 87' lang='lat' dir='ltr'>filio,</span> <span class='ocrx_word' id='word_1_267' title='bbox 872 3825 923 3890; x_wconf 81' lang='lat' dir='ltr'>vel</span> <span class='ocrx_word' id='word_1_268' title='bbox 940 3842 1059 3913; x_wconf 84' lang='lat' dir='ltr'>nepote</span> <span class='ocrx_word' id='word_1_269' title='bbox 1070 3849 1079 3906; x_wconf 73' lang='grc' dir='ltr'><strong>ς</strong></span> <span class='ocrx_word' id='word_1_270' title='bbox 1092 3827 1148 3914; x_wconf 91' lang='lat' dir='ltr'>qui</span> <span class='ocrx_word' id='word_1_271' title='bbox 1164 3827 1260 3890; x_wconf 80' lang='lat' dir='ltr'>etism</span> 
     </span>
     <span class='ocr_line' id='line_1_33' title="bbox 201 3930 1262 4017; baseline 0.002 -24"><span class='ocrx_word' id='word_1_272' title='bbox 201 3930 427 4010; x_wconf 79' lang='lat' dir='ltr'>vatesijsni</span> <span class='ocrx_word' id='word_1_273' title='bbox 444 3931 519 3995; x_wconf 89' lang='lat' dir='ltr'>belli</span> <span class='ocrx_word' id='word_1_274' title='bbox 540 3947 685 4017; x_wconf 87' lang='lat' dir='ltr'>tempore</span> <span class='ocrx_word' id='word_1_275' title='bbox 708 3931 787 4014; x_wconf 84' lang='lat' dir='ltr'>luit3</span> <span class='ocrx_word' id='word_1_276' title='bbox 809 3931 884 3996; x_wconf 80' lang='lat' dir='ltr'>ride</span> <span class='ocrx_word' id='word_1_277' title='bbox 906 3931 1051 3996; x_wconf 87' lang='lat' dir='ltr'>Gronov.</span> <span class='ocrx_word' id='word_1_278' title='bbox 1072 3930 1113 3995; x_wconf 81' lang='lat' dir='ltr'>ad</span> <span class='ocrx_word' id='word_1_279' title='bbox 1133 3931 1262 3996; x_wconf 77' lang='lat' dir='ltr'>Senecoe</span> 
     </span>
     <span class='ocr_line' id='line_1_34' title="bbox 203 4034 1261 4118; baseline 0.003 -21"><span class='ocrx_word' id='word_1_280' title='bbox 203 4034 290 4100; x_wconf 78' lang='lat' dir='ltr'>Med.</span> <span class='ocrx_word' id='word_1_281' title='bbox 306 4034 387 4118; x_wconf 81' lang='lat'><strong>655;</strong></span> <span class='ocrx_word' id='word_1_282' title='bbox 405 4035 507 4101; x_wconf 86' lang='lat' dir='ltr'>Vales.</span> <span class='ocrx_word' id='word_1_283' title='bbox 522 4037 563 4102; x_wconf 86' lang='lat' dir='ltr'>sd</span> <span class='ocrx_word' id='word_1_284' title='bbox 577 4037 738 4101; x_wconf 82' lang='lat' dir='ltr'>Ammian.</span> <span class='ocrx_word' id='word_1_285' title='bbox 753 4037 893 4101; x_wconf 79' lang='lat' dir='ltr'>Marcell.</span> <span class='ocrx_word' id='word_1_286' title='bbox 910 4036 998 4118; x_wconf 77' lang='lat' dir='ltr'>xlv,</span> <span class='ocrx_word' id='word_1_287' title='bbox 1011 4037 1045 4117; x_wconf 84' lang='lat'>8,</span> <span class='ocrx_word' id='word_1_288' title='bbox 1071 4052 1104 4100; x_wconf 87' lang='lat' dir='ltr'>et</span> <span class='ocrx_word' id='word_1_289' title='bbox 1123 4035 1261 4100; x_wconf 80' lang='lat' dir='ltr'>Berckel.</span> 
     </span>
    </p>
   </div>
   <div class='ocr_carea' id='block_1_4' title="bbox 204 4139 1263 4232">
    <p class='ocr_par' dir='ltr' id='par_1_4' title="bbox 204 4139 1263 4232">
     <span class='ocr_line' id='line_1_35' title="bbox 204 4139 1263 4232; baseline 0.002 -29"><span class='ocrx_word' id='word_1_290' title='bbox 204 4139 244 4204; x_wconf 79' lang='lat' dir='ltr'>nd</span> <span class='ocrx_word' id='word_1_291' title='bbox 266 4141 375 4229; x_wconf 88' lang='lat' dir='ltr'>Steph.</span> <span class='ocrx_word' id='word_1_292' title='bbox 400 4144 432 4204; x_wconf 97' lang='lat' dir='ltr'>in</span> <span class='ocrx_word' id='word_1_293' title='bbox 452 4154 555 4222; x_wconf 74' lang='grc' dir='ltr'>Μόψιον.</span> <span class='ocrx_word' id='word_1_294' title='bbox 577 4143 694 4208; x_wconf 88' lang='lat' dir='ltr'>Noster</span> <span class='ocrx_word' id='word_1_295' title='bbox 714 4166 790 4208; x_wconf 86' lang='lat' dir='ltr'>vero</span> <span class='ocrx_word' id='word_1_296' title='bbox 812 4142 1003 4232; x_wconf 78' lang='lat' dir='ltr'>Ampycides</span> <span class='ocrx_word' id='word_1_297' title='bbox 1026 4143 1104 4206; x_wconf 83' lang='lat' dir='ltr'>vatis</span> <span class='ocrx_word' id='word_1_298' title='bbox 1128 4163 1263 4206; x_wconf 89' lang='lat' dir='ltr'>munere</span> 
     </span>
    </p>
   </div>
   <div class='ocr_carea' id='block_1_5' title="bbox 0 0 1520 4702">
    <p class='ocr_par' dir='ltr' id='par_1_5' title="bbox 0 0 1520 4702">
     <span class='ocr_line' id='line_1_36' title="bbox 0 0 1520 4702; baseline 0 0"><span class='ocrx_word' id='word_1_299' title='bbox 0 0 1520 4702; x_wconf 95' lang='lat' dir='ltr'> </span> 
     </span>
    </p>
   </div>
  </div>
 </body>
</html>
