2994 4702
498 389 930 456 ARGONAUTARUM.
1184 388 1243 476 391

184 529 307 600 etatem
332 513 479 578 conferre
507 513 626 576 durum
651 527 716 575 est:
748 531 822 574 nam
848 511 986 598 plurima
1015 509 1147 574 demum
1172 527 1247 598 post

184 620 430 709 Argonauticam
447 617 686 707 expeditionem
706 616 903 682 acciderunt.
927 617 1058 680 Herculi
1076 617 1162 680 enim
1181 617 1246 696 jam

184 740 334 810 provecta
356 737 447 786 etate
471 721 602 786 adhesit
621 721 765 787 Tbeseus
788 720 933 800 juvenis,
958 737 990 784 et
1016 721 1050 783 in
1074 723 1249 786 Amazonia

184 829 387 918 expeditione
403 827 509 892 socius
525 828 604 907 luit5
626 827 771 892 interfuit
787 826 864 890 huic
881 824 1078 913 expeditioni
1089 871 1098 908 ,
1108 827 1250 901 ,venatui

184 935 253 1024 apri
277 934 463 1022 Calydonii,
489 950 522 998 et
546 933 653 1022 rapuit
676 932 850 1011 Helenam,
872 955 944 1018 quae
966 932 1050 996 circa
1070 929 1247 1012 Trojanum

184 1041 305 1105 bellum
320 1041 454 1104 maxime
469 1037 594 1120 lloruit3
607 1062 679 1126 quae
690 1038 799 1101 omnia
811 1038 838 1102 si
849 1037 994 1101 Theseus
1004 1053 1054 1100 tot
1062 1053 1247 1126 temporum

184 1145 355 1210 intervallis
368 1143 515 1208 distincta
533 1143 616 1234 egit,
632 1143 747 1208 secula
763 1141 830 1206 duo
846 1143 897 1206 vel
917 1143 974 1206 tria
995 1142 1108 1206 vixisse
1125 1141 1247 1206 debuit.

183 1252 277 1314 Certe
295 1251 390 1314 lason
410 1249 610 1338 Hypsipylen
634 1263 763 1338 neptem
784 1246 940 1312 Ariadnes
961 1269 1020 1310 nec
1036 1247 1162 1337 videre,
1188 1270 1248 1312 nec

181 1355 294 1420 lerum
311 1377 505 1444 cognoscere
523 1354 648 1442 potuit,
675 1355 750 1418 licet
773 1369 882 1416 noster
898 1354 996 1416 Poeta
1014 1352 1091 1416 huic
1108 1351 1246 1416 difficul-

183 1461 240 1524 tati
257 1461 435 1524 occurrisse
453 1459 554 1524 videri
572 1460 691 1547 possit,
712 1481 770 1546 per
792 1481 847 1540 ea,
867 1481 939 1545 quae
960 1457 1000 1522 de
1020 1457 1160 1522 Ariadna
1178 1480 1246 1520 me·

183 1583 287 1630 morat
304 1565 444 1646 lih.Vll,
468 1588 548 1653 279,
571 1566 626 1628 ubi
649 1568 797 1631 lasonem
820 1565 967 1630 Ariadne
986 1565 1185 1628 mentionem
1201 1565 1248 1628 l'a·

183 1673 320 1736 cientem
339 1670 475 1735 inducit.

227 1891 431 1968 Lanatus,
451 1891 569 1955 Arcesii
580 1890 681 1966 iilius,
694 1906 784 1978 pater
794 1891 920 1977 Ulyris,
934 1913 953 1952 a
964 1890 1033 1953 solo
1045 1888 1245 1977 Apollodoro

182 1999 268 2060 inter
278 1998 478 2086 Argonautas
491 1998 640 2078 relertur,
655 1997 786 2084 reliquis
800 1996 953 2060 omnibus
968 1996 1144 2084 ignoratur.
1153 1995 1251 2058 Tem·

182 2125 261 2190 pora
276 2103 351 2166 satis
367 2103 586 2183 conveniunt,
600 2120 633 2166 et
647 2103 797 2193 cognatio
820 2125 896 2168 curn
915 2105 1030 2168 lasone
1053 2117 1086 2165 et
1109 2099 1245 2166 AEolidis

182 2209 289 2298 potuit
306 2231 381 2272 eum
399 2209 475 2274 huic
492 2209 612 2274 militiae
628 2209 760 2272 sociare.
779 2211 923 2275 Arcesius
940 2207 1027 2271 enim
1045 2205 1128 2282 lilius
1144 2207 1244 2286 Celei,

182 2313 234 2376 ille
252 2313 401 2400 Cephali,
425 2315 479 2377 hic
491 2336 568 2379 vero
585 2317 683 2378 frater
698 2313 846 2402 Phylaci,
865 2329 898 2376 et
914 2311 996 2376 lilius
1016 2312 1169 2393 Deionei,
1188 2313 1246 2398 qui

182 2417 269 2482 AEoli
286 2417 370 2482 lilius
387 2419 464 2496 fuit3
477 2419 550 2483 licet
566 2420 598 2482 in
618 2419 682 2482 hoc
701 2434 870 2482 stemmate
886 2415 1032 2506 quaedam
1048 2417 1139 2480 aliter
1155 2416 1244 2482 ordi·

183 2540 319 2603 nentur,
338 2541 371 2589 et
392 2523 459 2612 ipse
482 2526 599 2612 Ulyxes
624 2522 712 2611 apud
731 2521 899 2604 Ovidium,
919 2521 996 2587 Met.
1012 2523 1109 2604 Xlll,
1126 2522 1244 2587 Arcesii

181 2645 305 2716 patrem
322 2630 435 2692 lovem
452 2630 550 2692 fuisse
566 2629 738 2716 glorietur:
755 2651 826 2714 quae
841 2629 951 2691 omnia
966 2629 1091 2716 egregie
1108 2628 1244 2692 illustra·

181 2735 229 2800 vit
252 2733 447 2798 Mercriacus
470 2732 511 2796 ad
534 2731 628 2796 Ovid.
652 2731 753 2818 Epist.
772 2732 806 2813 l,
826 2732 919 2811 cujus
937 2733 1056 2817 scrinia
1070 2733 1243 2820 compilare

183 2861 250 2902 non
268 2837 357 2901 libet.
377 2836 477 2901 Addit
492 2836 578 2900 idem
596 2837 811 2919 Mczeriacus,
823 2835 995 2900 credidisse
1012 2836 1147 2912 multos,
1166 2837 1245 2924 Uly-

182 2965 254 3008 xern
276 2967 315 3008 ex
332 2943 459 3006 'iuruvo
484 2965 558 3006 cum
578 2959 679 3006 matre
696 2941 764 3021 ejus
786 2942 875 3004 coitu
894 2964 932 3005 ex
955 2941 1094 3028 Sisypho
1113 2958 1242 3020 natum,

182 3045 272 3136 quod
285 3047 345 3137 ipsi
357 3047 468 3128 objicit
480 3047 567 3129 Aiax,
581 3063 613 3110 et
627 3048 668 3110 ita
683 3044 817 3137 propius
827 3045 970 3125 AEolum,
983 3045 1074 3126 cttjus
1086 3045 1242 3133 Sisyphus

182 3151 265 3218 filius
282 3153 361 3236 fuit,
379 3153 591 3240 contingeret.

228 3373 451 3454 LAOCOON,
464 3373 653 3437 Parthaonis
669 3371 769 3452 filius,
783 3371 890 3436 OEnei
907 3373 1014 3452 frater,
1027 3369 1241 3458 Calydonius,

179 3495 213 3542 et
230 3495 364 3566 patruus
381 3479 550 3568 Meleagri,
569 3480 603 3542 in
622 3479 713 3558 cnjtts
729 3478 861 3540 nomine
879 3476 920 3542 de
937 3492 1106 3540 stemmate
1122 3476 1240 3540 horum

180 3591 320 3672 agemus.
345 3585 544 3650 Memoratur
570 3585 624 3648 hic
650 3584 734 3646 inter
758 3584 961 3670 Argonautas
989 3582 1029 3645 ab
1056 3581 1185 3670 Hygino
1209 3599 1241 3646 et

179 3690 353 3776 Apollonio
369 3689 517 3772 Rhodio,
543 3691 598 3754 h'h.
619 3691 651 3770 l,
681 3711 760 3775 192,
783 3689 840 3775 qui
865 3687 971 3768 addit,
1000 3688 1090 3751 illum
1116 3711 1155 3750 ex
1181 3689 1240 3751 alia

180 3809 281 3857 matre
296 3811 426 3876 natum,
450 3811 483 3859 et
503 3793 634 3882 quidem
656 3793 787 3858 ancilla:
814 3813 913 3879 quare
931 3793 1064 3874 OEueus
1081 3815 1155 3856 eum
1174 3790 1239 3856 lilio

180 3919 241 3963 suo
251 3897 414 3988 Meleagro
425 3898 514 3964 addit
526 3911 681 3980 κοσμήτορα,
703 3915 872 3963 rectorem.
897 3900 940 3962 Et
958 3899 1026 3964 haec
1041 3899 1125 3962 forte
1141 3899 1241 3977 ratio,
1343 3970 1347 3978 Ι

145 4043 148 4050 -
180 4023 238 4067 our
253 4005 293 4068 ah
308 4005 522 4092 Apollodoro,
541 4007 596 4072 lih.
615 4009 646 4087 l,
662 4029 730 4094 cap.
745 4027 777 4092 7,
793 4015 808 4080 s
826 4027 878 4086 ιι,
893 4006 977 4068 inter
990 4005 1071 4070 lilios
1085 4004 1240 4068 Parthao-

181 4107 231 4170 nis
256 4129 323 4172 non
345 4127 552 4192 numeretur,
580 4133 640 4176 nec
661 4111 756 4176 etiam
780 4110 832 4174 alii
857 4112 941 4174 inter
966 4113 1189 4200 Argonautas,
1204 4125 1243 4172 ut
