3022 4678
402 335 795 422 Annon'nnncon
831 356 917 422 mn.
943 358 1026 421 v11.

225 489 394 570 Prosiluit,
411 509 564 576 sssvaeque
585 488 673 552 ultro
694 490 769 554 tulit
789 490 898 554 oscula
918 487 1009 552 divoe.

226 607 275 670 Ac
290 604 379 693 prior
394 627 401 669 :
419 596 473 668 «0
490 603 641 685 tandem,
655 605 708 668 vix
726 604 856 669 tandem
874 603 1018 684 reddita,
1035 602 1146 683 Circe,

227 721 317 784 Dura
333 719 410 798 tuis,
430 739 502 807 quae
516 735 549 784 te
567 719 684 808 bijugis
699 719 903 808 serpentibus
919 719 985 808 egit

229 835 316 899 Hinc
331 833 427 923 fuga?
443 855 554 920 quaeve
570 832 632 896 fuit
648 833 758 922 patriis
772 855 864 898 mora
879 832 1001 923 grntior
1016 829 1106 896 oris?

229 951 313 1013 Ante
331 964 364 1012 et
376 946 569 1012 Thessalico
585 947 704 1013 Phasin
724 949 845 1036 petiere
860 948 994 1030 carinae,

231 1064 358 1150 Perque
375 1077 425 1126 tot
440 1061 551 1125 infelix
567 1061 687 1126 frustra
702 1061 782 1126 vada
794 1062 885 1127 venit
900 1063 1012 1143 lason,

232 1179 340 1260 Quam
356 1177 467 1266 patriae
488 1193 520 1242 te
536 1177 638 1242 movit
652 1177 786 1242 morl»
802 1178 887 1241 Tum
904 1193 1015 1242 cortem
1029 1178 1166 1267 rumpit,

231 1291 446 1379 Occurritque
459 1290 571 1356 Venus
586 1315 593 1357 ε
606 1321 620 1348 ι
631 1292 684 1356 Τιι
700 1314 789 1356 nunc
802 1291 883 1356 mihi
897 1311 992 1357 causa
1004 1293 1146 1376 riarum3

178 1483 181 1494 Ι
232 1407 306 1472 Sola
323 1423 387 1470 tuae
403 1406 499 1470 venio
511 1405 594 1494 (jam
609 1405 735 1495 pn'dom
753 1406 885 1497 ignava)
897 1407 1057 1488 juventae:

234 1523 353 1586 caetera
368 1543 463 1611 parce
483 1522 593 1610 queri,
611 1544 653 1586 ne
671 1543 725 1586 mc
741 1522 874 1588 meliora
891 1533 1060 1610 sequutsm
1220 1545 1257 1584 ης

234 1643 361 1727 Argue3
376 1638 496 1726 quippe
511 1654 551 1701 ut
562 1636 626 1717 jam
641 1653 835 1726 reputentur
851 1661 985 1704 munera
1004 1637 1132 1718 divum,

236 1751 397 1818 Omnibus
411 1752 501 1815 hunc
515 1751 624 1840 potius
638 1773 846 1816 communem
861 1751 1080 1818 animantibus
1095 1754 1226 1836 orbem,

237 1869 437 1934 Communes
451 1881 485 1930 et
496 1867 591 1933 crede
605 1866 702 1932 deos:
717 1866 853 1955 patriam
870 1865 947 1931 indo
960 1883 1092 1952 vocato,

224 2103 278 2150 πη.
290 2087 387 2136 Reddita
402 2103 463 2135 aare.
481 2090 572 2136 bonon
588 2089 642 2136 cod.
659 2090 733 2135 Curre.
749 2089 840 2135 bonon.
856 2089 875 2135 1.
887 2114 918 2124 -
929 2103 984 2150 ²¹9·
1001 2089 1101 2136 Gravior.
1113 2089 1189 2136 Vitio.
1206 2091 1260 2137 cod,

197 2168 298 2215 Tardior.
306 2169 397 2214 Borion.
408 2167 462 2215 cod.
474 2194 505 2204 -
514 2182 568 2216 cro.
583 2172 622 2216 An
632 2177 654 2213 te
666 2179 689 2214 et
702 2167 843 2214 Thessaliae.
857 2169 990 2215 Merenda
1000 2168 1069 2231 quod.
1083 2168 1136 2215 Ald.
1148 2169 1260 2232 stupuere.

195 2249 286 2293 Boron.
308 2248 360 2293 cod.
381 2248 477 2294 renen.
498 2251 544 2294 Pro
564 2244 628 2294 ruric
642 2249 695 2295 loct.
713 2251 803 2295 Boron
816 2247 871 2295 cod.
895 2273 927 2284 —
944 2263 998 2295 m.
1025 2251 1081 2309 Θυῖα
1096 2251 1185 2310 patria.
1206 2249 1260 2299 ΔΜ.

199 2327 274 2386 Quam
293 2336 373 2372 coetera
387 2328 477 2388 rumpit.
489 2329 579 2373 bonon.
590 2335 614 2374 et
628 2328 706 2374 Burm.
718 2325 788 2374 codd.
801 2351 826 2362 -
843 2333 896 2382 m.
912 2327 965 2374 Sola
974 2328 1028 2372 nic.
1039 2329 1129 2374 Bouom
1143 2338 1167 2376 et
1183 2331 1262 2376 unm.

198 2405 268 2451 codd.
283 2431 314 2440 -
329 2405 382 2452 226.
392 2409 469 2452 Etiam
478 2407 516 2453 rel
529 2406 599 2468 etjam
613 2415 745 2468 repetentur.
757 2405 833 2454 Vctic.
851 2408 932 2453 Etiam
950 2416 1086 2470 repetentur.
1102 2410 1192 2456 Borion
1208 2409 1262 2456 cod.

197 2485 288 2530 Bonon.
300 2485 320 2530 1.
335 2486 411 2531 Etiam
421 2495 557 2547 repetuntur.
574 2487 664 2532 Bonou.
684 2486 716 2534 11.
733 2487 793 2534 Mu.
813 2487 843 2533 Ut
852 2485 908 2548 jam
918 2497 1053 2549 reputentur.
1064 2488 1144 2536 Heius.
1157 2505 1186 2536 ox
1199 2490 1263 2552 conj.

199 2565 265 2610 lunt.
280 2563 333 2610 ΑΜ.
344 2565 444 2626 Engsnt.
456 2563 521 2611 Curr.
532 2563 577 2610 En.

201 2779 352 2835 oxymoron
364 2803 372 2828 ‚
386 2764 499 2819 Homeri
508 2761 625 2838 δακρυόεν
644 2767 715 2836 γιλά-
756 2764 844 2832 venie)
865 2761 966 2818 Medea
984 2764 1066 2816 menti
1081 2766 1265 2820 obversantur.

202 2846 394 2916 020a‚11.vl,
411 2847 481 2913 484)
490 2847 619 2913 prosiluit,
632 2861 713 2895 soevoe-
794 2859 854 2894 m.
871 2846 965 2894 earam
983 2847 1086 2911 rmnpr't,
1102 2843 1178 2915 plura
1193 2845 1266 2918 loqui

201 2951 248 2999 que
258 2931 315 3003 ipss
325 2925 431 2980 obviam
441 2928 497 2976 tulit
506 2927 590 2976 oscula
598 2927 668 2974 diva.
757 2937 811 2970 non
823 2937 898 2991 passa
917 2933 970 2986 est,
985 2923 1149 2990 occurritque,
1165 2923 1266 2977 Medea

240 3027 302 3079 ²¹7·
321 3014 343 3059 ο
358 3007 471 3063 eandem,
484 3006 532 3056 vic
545 3003 663 3070 tandem(
671 3005 713 3075 ju·
756 2984 975 3070 interrogationes
983 3000 1071 3052 statim
1081 3001 1267 3074 respondendo

202 3087 291 3142 cunda
320 3083 483 3156 repetitiol)
508 3085 621 3142 reddita,
649 3085 714 3133 dura

204 3170 267 3228 ruis,
280 3185 340 3238 quae
351 3165 379 3216 in
395 3162 513 3216 dolorem
524 3173 632 3216 tuorum
647 3173 712 3214 tam·

203 3245 251 3298 diu
266 3243 383 3299 abfuisti.
398 3246 460 3309 Quoe
471 3257 493 3293 ts
506 3244 593 3311 bijugis
603 3243 716 3309 serpenti·

204 3323 347 3392 bus(conf.
368 3339 449 3393 supra
466 3339 490 3372 v.
510 3325 577 3389 120)
592 3323 641 3388 egit
659 3322 716 3370 ln'nc

197 3405 290 3472 firgo?
307 3422 363 3470 qnoe
381 3421 465 3461 mom,
483 3399 543 3471 quis
562 3397 650 3459 locus,
663 3400 717 3468 sarit

206 3485 251 3534 eibi
259 3485 358 3551 gratior
364 3483 451 3549 patria
461 3488 474 3530 .³

243 3579 303 3612 sco.
323 3560 439 3612 Tantum
458 3556 583 3630 temporis
596 3555 687 3627 procul
701 3572 717 3608 t

205 3639 282 3692 nobis
302 3638 411 3703 vixisti,
430 3649 459 3690 ut
472 3638 570 3690 interea
582 3633 716 3700 'Ibessalb

205 3737 298 3786 perque
312 3731 349 3769 tot
361 3719 450 3781 infelix
451 3718 551 3784 frustra
564 3719 649 3775 vada,
661 3731 718 3767 ma-

206 3797 244 3849 rin
254 3835 262 3860 ,
272 3796 375 3848 venerit
385 3803 470 3847 lason.
485 3797 576 3861 Recte,
585 3807 645 3847 ante
656 3811 717 3856 me,

207 3875 311 3930 monuit
324 3875 508 3941 Burmannus,
524 3873 644 3927 Medeam
657 3889 718 3943 pro-

757 3079 903 3144 moverit,
915 3085 1002 3130 Venus.

795 3158 854 3210 223.
869 3161 919 3218 lle,
931 3157 1019 3229 primo
1032 3157 1069 3211 sic
1081 3159 1139 3212 loco
1151 3161 1266 3232 positum

759 3242 879 3309 ἐναργῶς,
892 3237 987 3290 amoris
1001 3235 1080 3290 babet
1098 3239 1268 3311 significatio-

758 3335 837 3380 nem,
852 3331 878 3368 tu
895 3335 959 3368 nunc
978 3320 1039 3368 mibi
1054 3337 1131 3370 eausa
1149 3323 1269 3384 viarum,-

758 3399 812 3448 sola
825 3414 875 3468 pro
894 3399 985 3457 solum,
1003 3411 1112 3460 tantum,
1130 3399 1179 3453 nisi
1194 3401 1269 3454 molis

759 3486 818 3547 post
831 3479 886 3527 sola
899 3474 1028 3542 incidere,
1039 3477 1075 3529 its
1089 3489 1119 3529 ut
1132 3477 1165 3530 ad
1178 3481 1270 3551 priora

760 3555 902 3618 reseratur,
913 3555 966 3608 sic:
978 3571 1003 3607 tu
1015 3560 1076 3609 mibi
1085 3577 1160 3610 caetra
1170 3565 1270 3613 vinnam

761 3639 828 3696 sola,
844 3649 893 3686 trec
904 3639 979 3686 venio
990 3638 1106 3702 J'rrverreoe,
1119 3637 1168 3690 tibi
1181 3641 1272 3712 juveni

761 3731 866 3786 usuque
883 3713 1003 3766 nondum
1016 3715 1104 3784 peritoe
1120 3721 1270 3773 consultura

761 3793 832 3846 veni.
844 3822 879 3834 -
889 3791 958 3844 vide
969 3792 1004 3845 sd
1016 3794 1114 3846 calcem
1123 3795 1203 3868 hujus
1212 3799 1272 3852 libri

762 3884 817 3924 not.
832 3877 892 3934 πά.
912 3871 964 3924 En.

207 3973 321 4028 pernre,
331 3967 362 4007 ut
371 3970 519 4008 sermonem
529 3953 629 4026 injiciat
638 3949 672 4004 de
680 3951 720 4003 la·
800 3949 860 4003 228.
871 3954 984 4002 Patriam
995 3953 1068 4012 inde,
1080 3951 1157 4020 ideo,
1172 3939 1273 4015 vocato,

208 4051 285 4087 sono:
298 4051 361 4086 nrm
378 4033 422 4086 ille
440 4033 511 4086 eolus
527 4035 637 4104 ejusque
649 4029 719 4102 peri·
765 4029 849 4102 patria
862 4028 909 4082 tibi
923 4030 973 4093 sit,
985 4050 1050 4099 qua,
1060 4033 1121 4096 ubi,
1135 4037 1199 4084 redit
1209 4037 1275 4100 itque

209 4112 270 4165 cula
283 4115 406 4182 (infilir...
417 4126 511 4180 persor
522 4110 721 4180 vada...smstra
767 4111 831 4168 dies,
847 4121 935 4177 totus,
948 4127 1052 4180 quaqua
1070 4111 1105 4163 sb
1123 4111 1223 4167 oriente
1241 4109 1275 4163 cd
