3002 4680
239 333 282 412 48
546 332 582 396 C.
606 330 800 398 VALERII
827 330 1001 396 sancet

284 465 346 529 Dic
362 484 440 551 age,
457 477 560 551 tuque
578 460 638 526 leri
653 463 880 544 reminiscere,
895 461 1010 544 Musa,
1024 460 1154 527 luroris.

329 574 488 666 Absyrtus
505 577 608 666 clypei
624 575 722 642 radiis
741 597 905 665 curruque
922 598 1076 642 coruscus

285 693 368 758 Solis
383 692 451 774 avi,
468 691 561 772 cujus
577 690 759 756 vibrantem
775 690 925 756 eominus
939 691 1064 756 hastam
1152 682 1157 692 ’

286 809 444 889 Cernere,
462 827 523 872 nec
536 806 659 896 galeam
674 821 787 896 gentes
802 821 939 893 potuere
955 806 1153 887 minantem,

286 921 350 988 Sed
366 920 499 1010 trepidae
512 920 668 996 redeunt,
684 935 718 985 et
731 942 826 986 verso
839 920 972 988 uulnera
988 937 1080 1011 tergo
1273 937 1312 979 ⁵20

285 1037 478 1126 Accipiunt,
492 1036 682 1126 magnisque
696 1033 806 1124 fugam
818 1034 1015 1102 clamoribus
1028 1049 1166 1125 augent3

286 1154 427 1220 Proterit
444 1152 587 1241 impulsu
604 1150 707 1240 gravis
723 1151 869 1241 agmina,
887 1172 1090 1242 corporaque
1103 1153 1180 1218 atris

286 1268 408 1334 Sternit
423 1268 531 1355 equis,
548 1267 752 1357 gemitusque
766 1268 884 1356 premit
896 1267 1047 1356 spirantis
1058 1269 1172 1338 acervi.
1250 1247 1253 1252 ¹

286 1386 356 1452 Nec
372 1387 473 1450 levior
487 1387 662 1452 comitatur
676 1389 784 1468 Aron,
801 1385 965 1452 horrentia
978 1385 1084 1466 cujus·

274 1593 328 1642 516.
341 1595 418 1656 litque
433 1594 491 1637 ueri.
499 1591 574 1638 vinc.
587 1601 611 1638 et
619 1585 710 1638 lionon.
722 1591 792 1639 codd.
806 1594 838 1638 Ilt
848 1593 906 1639 ueri.
922 1590 982 1638 Edd.
997 1599 1051 1638 anta
1072 1591 1137 1638 Carr.
1149 1615 1179 1626 -
1192 1591 1247 1639 523.
1262 1594 1312 1655 Spi-

244 1674 321 1720 rantin
336 1673 399 1718 osmi.
410 1670 486 1717 Vatia.
503 1671 594 1716 Boron.
612 1669 682 1716 codd.
703 1672 769 1716 lant.
786 1671 871 1716 Mater.
890 1671 1006 1732 tpbunmr
1021 1671 1092 1716 mni.
1108 1669 1224 1717 Boron!
1242 1680 1267 1718 et
1281 1673 1312 1718 II.

145 1791 146 1794 η
243 1755 328 1801 Veram
338 1750 463 1799 lectionem
473 1748 612 1798 restituebat
623 1748 684 1796 Pius.
696 1749 739 1796 tto.

243 1939 280 1994 eit
292 1943 375 2003 Enyo,
390 1933 409 1988 i.
426 1953 450 1988 e.
468 1933 586 1986 Bellona.
603 1933 703 2001 llcuta,
718 1935 756 1988 uti
801 1936 1007 2008 exspirantium,
1022 1937 1068 2010 qui
1082 1935 1129 1990 diu
1142 1949 1255 1992 mortem
1267 1955 1312 1992 ex-

243 2016 400 2089 plerumque
410 2049 418 2076 ,
428 2010 542 2066 sedtum
552 2022 618 2064 esset
626 2010 688 2065 belli
701 2013 757 2065 Bel·
799 2027 964 2088 optaverant.

245 2097 317 2150 lona.
338 2095 398 2146 lam
416 2092 451 2144 ad
472 2091 617 2163 singularia
637 2091 758 2163 procedit
836 2095 898 2160 524.
909 2096 1121 2155 unanimanti
1129 2093 1228 2158 mitior,
1240 2111 1313 2166 acque

245 2175 368 2228 Valerius
374 2171 519 2226 certamina
527 2189 626 2243 ,eaque
636 2183 689 2226 tarn
698 2191 758 2244 gra·
802 2172 942 2236 terribilis,
953 2173 1081 2224 cominus
1089 2177 1174 2234 dnm,-
1184 2191 1208 2226 v.
1218 2191 1312 2245 suma,

245 2255 304 2318 via,
321 2264 353 2306 ut
370 2253 477 2304 Musam
490 2249 525 2303 ad
542 2270 574 2304 ea
592 2251 712 2306 canenda
728 2253 757 2306 in
802 2253 839 2316 V,
850 2253 994 2321 59130111'115
1009 2253 1118 2303 discolm
1129 2255 1254 2318 cllmnys,
1266 2269 1313 2323 pa·

232 2332 371 2388 susinum
382 2341 467 2384 vocet.
484 2361 520 2370 —
536 2335 624 2384 Geloni
634 2332 758 2386 sunthoe
802 2331 1005 2395 ludamentnm,
1020 2349 1069 2381 acu
1080 2333 1208 2383 tamenin
1221 2335 1294 2384 ardet
1302 2358 1314 2396 ,·

245 2414 320 2476 loeo,
329 2423 361 2465 ut
372 2409 489 2476 videtur,
500 2414 605 2477 Smtlioe.
615 2411 667 2466 En.
803 2411 897 2483 liguris
911 2429 977 2475 acu,
993 2428 1042 2482 pro
1055 2427 1129 2464 more
1145 2411 1216 2466 iltius
1228 2409 1325 2484 regio?

282 2493 485 2562 517.Absyrnts,
497 2493 575 2543 AEetae
584 2491 670 2558 lilius,
680 2509 757 2545 occa·
801 2489 843 2544 nis
853 2527 861 2554 ,
870 2489 944 2561 pictis
954 2488 1090 2562 splendet,
1098 2503 1233 2557 coruscat,
1242 2511 1314 2561 super

246 2573 347 2626 sionem
369 2568 443 2623 dedit
461 2563 537 2623 hisce
554 2570 659 2644 pugnis.
683 2575 758 2624 utrm
801 2589 873 2621 anna
890 2572 1080 2639 squalentesque
1093 2591 1155 2632 oere,
1173 2571 1249 2625 fusco
1266 2589 1313 2626 co·

246 2655 308 2703 Solis
321 2653 361 2702 avi
369 2649 410 2702 sui
424 2664 535 2700 tomscus
545 2648 696 2711 incedebat,
712 2669 756 2701 cu·
801 2649 873 2714 lore,
884 2653 988 2702 lacertos
995 2671 1006 2711 ‚·
1018 2651 1225 2720 tremefactaque,
1237 2643 1313 2704 inlla·

241 2735 284 2802 jus
306 2733 458 2790 vibrantem,
478 2731 597 2800 (rectius
619 2732 757 2794 vibramm,
801 2741 843 2794 ta,
865 2728 987 2796 fluitans,
1006 2744 1101 2791 vento,
1117 2733 1210 2799 implet,
1229 2741 1315 2783 totum

245 2809 294 2865 sed
310 2811 349 2863 sic
367 2809 433 2862 solet
445 2809 555 2872 Noster;
570 2807 626 2864 vid.
642 2809 686 2873 11,
705 2811 756 2880 67,
801 2808 978 2883 tegit‚equmn
988 2827 1004 2862 a
1016 2820 1098 2880 tergo.
1111 2811 1197 2876 Qualis
1209 2813 1285 2862 roseis
1295 2812 1316 2861 it

246 2890 293 2943 nbi
301 2892 384 2942 vibrat
392 2891 590 2956 insumentum
600 2891 697 2942 tasum
706 2909 758 2941 cer·
802 2891 899 2960 Lucifer
913 2892 969 2944 alis.
982 2887 1095 2953 Nescio,
1109 2887 1174 2961 quid
1189 2888 1316 2946 acciderit

246 2990 318 3030 nere,
330 2989 375 3022 nec
391 2973 493 3037 galeam
504 2983 592 3038 gentes
598 2983 701 3036 pomero
710 2973 757 3022 mi·
801 2967 1072 3031 commentatoribus,
1085 2979 1115 3020 ut
1127 2967 1162 3023 de
1174 2987 1244 3041 equo
1260 2969 1315 3025 Lu·

245 3063 356 3110 nantem,
365 3060 449 3102 recte:
461 3065 511 3100 nec
520 3047 606 3108 aliter,
616 3047 681 3112 VH,
692 3049 757 3122 5773
801 3048 876 3102 cileri
887 3048 932 3101 hic
943 3045 1090 3117 cogitarent
1102 3065 1212 3113 omnes,
1225 3045 1315 3102 uariis-

244 3128 330 3200 galeas
342 3128 412 3182 enirn
422 3127 538 3179 ferarum
549 3125 695 3180 simulacris
705 3141 757 3181 ter-
801 3145 855 3198 que
880 3123 1039 3198 conjecturis
1069 3142 1124 3175 non
1153 3125 1316 3179 illustrarent

244 3207 374 3260 ribiliores
387 3205 473 3268 lacere
485 3204 622 3270 solebant;
634 3223 688 3258 nou
701 3216 758 3258 erat
801 3205 906 3270 locum,
919 3201 967 3256 sed
977 3202 1159 3255 obscurarent.
1168 3203 1235 3255 Tota
1246 3221 1315 3257 com-

243 3285 341 3357 igitur,
362 3287 559 3348 carminantem
587 3283 638 3358 legi
667 3283 758 3338 mallet
801 3283 902 3357 paratio
916 3301 971 3336 non
988 3281 1023 3336 ad
1036 3279 1155 3356 proxime
1167 3283 1316 3355 preceden-

244 3365 375 3419 Heinsius.
801 3375 855 3418 tem
869 3381 966 3436 equum
977 3401 986 3428 ,
999 3363 1075 3436 eujus
1092 3381 1148 3415 non
1163 3361 1214 3415 nisi
1231 3363 1315 3418 obiter

281 3447 341 3499 520.
353 3450 403 3497 Sed
421 3461 492 3514 terga
508 3458 625 3507 uertunt,
644 3445 756 3510 iungitis·
801 3443 832 3496 lit
851 3441 966 3506 mentio,
986 3440 1033 3496 sed
1053 3440 1194 3516 adipsum
1215 3455 1316 3516 spectat

244 3546 292 3594 que
293 3525 388 3595 fugam
397 3528 542 3578 clamoribus
553 3537 648 3593 augent
651 3560 660 3585 ,
673 3521 758 3575 inten·
801 3523 927 3574 Aronem.
936 3521 985 3576 Hic
993 3519 1135 3594 chlamyde
1141 3533 1231 3575 aurata
1242 3521 1315 3576 baud

243 3603 330 3670 dunt,
350 3603 468 3672 faciunt,
486 3615 516 3658 ut
537 3601 647 3657 ellusius
666 3619 757 3654 omnes
802 3599 999 3667 eecuaincedit,
1012 3621 1043 3656 ac
1054 3605 1101 3655 nlt's
1111 3604 1195 3664 roseis,
1204 3603 1315 3656 Aurorae

244 3685 355 3756 fugiant.
801 3681 1316 3754 quippeanteambulolvomninoWoss.

281 3769 340 3816 522.
361 3765 463 3814 Proterit
482 3763 600 3830 impulsu,
620 3758 758 3830 proculcat
800 3762 900 3826 mythol.
909 3760 1004 3830 Briefc,
1015 3761 1055 3825 ll,
1069 3779 1085 3830 9
1094 3761 1104 3830 )
1113 3799 1121 3826 ,
1131 3761 1236 3830 laurifer,
1245 3781 1316 3830 quem

245 3841 397 3898 vehementi
406 3840 507 3913 impetu
518 3876 526 3901 ,
541 3841 660 3907 agmina,
676 3859 759 3908 corpo·
805 3847 888 3892 Venus
897 3841 986 3892 illustri
991 3844 1088 3910 gaudet
1093 3844 1229 3910 pmducere
1237 3845 1314 3892 ccelo:

244 3941 323 3990 raquo
333 3921 392 3970 atris
403 3917 513 3990 pulvere
523 3921 563 3988 (r.
577 3936 674 3992 supra,
688 3920 758 3987 415)
802 3919 875 3992 quod
887 3937 1037 3990 expressum
1051 3919 1150 3990 eVirg.
1167 3921 1225 3972 AEn.
1235 3918 1316 3982 VIII,

245 4003 331 4052 sternit
343 4000 428 4066 cquis,
445 4000 598 4065 gemitusque
610 4002 697 4066 premit
710 4003 758 4068 spi·
801 3993 866 4070 ¹590,
877 4005 953 4068 Quem
964 4005 1046 4050 Venus
1056 4014 1115 4050 ante
1124 4001 1186 4050 alios
1196 4013 1317 4050 astrorum

244 4080 324 4132 ruistis
338 4078 420 4150 acerui
423 4115 431 4140 ,
447 4075 529 4130 linem
544 4075 606 4130 lacit
618 4078 759 4149 gemitibus
804 4083 883 4148 diligit
895 4083 973 4148 ignes.
983 4077 1063 4152 Apud
1073 4077 1210 4134 Claudian.
1226 4078 1258 4132 de
1271 4097 1315 4134 rn-
