3022 4678
286 359 347 400 110
586 338 621 399 C.
646 334 843 401 VALERH
873 331 1047 397 FLACCI

325 471 433 554 Atque
449 467 565 530 iterum
585 464 675 531 durae
692 489 791 557 cogar
804 485 913 530 comes
928 486 997 528 esse
1010 465 1125 530 sorori.

324 582 366 645 Et
383 569 472 644 nunc
485 581 538 644 ille
554 601 613 644 sua
629 605 697 646 non
713 603 912 670 quemquam
929 596 1016 644 sorte
1032 579 1172 660 moveri,

323 683 401 760 Nou
416 695 521 758 ullum
537 696 722 760 meminisse
741 711 853 784 putat3
866 717 1007 782 cumque
1021 695 1175 758 omnibus
1192 692 1262 759 odit

324 811 378 874 Me
397 831 530 898 quoque
545 833 552 875 :
570 811 597 874 si
614 809 746 900 quando
761 811 860 876 fuerit
872 826 980 874 tamen
997 810 1061 872 ulla
1078 823 1238 898 potestas,
1313 826 1351 866 κε

325 925 420 990 Illum
435 947 508 1014 ego,
523 926 580 1013 qui
597 925 674 992 diris
687 928 768 992 cinis
784 927 918 991 ultimus
935 925 1063 990 haeeerit
1078 925 1181 1008 arvis,

324 1041 481 1127 Ossaque,
501 1041 573 1128 quis
587 1041 672 1104 tauri
688 1063 856 1128 saevusque
875 1038 1055 1128 pepercerit
1071 1039 1173 1128 ignis,

324 1158 546 1244 Componam,
572 1155 748 1244 sedemque
766 1155 851 1220 dabo
865 1179 873 1219 :
887 1155 934 1220 fes
952 1171 1032 1218 tunc
1051 1153 1131 1216 mibi
1147 1175 1258 1216 manes

324 1269 478 1336 Dilexisse
493 1270 573 1351 viri,
594 1272 788 1357 tumuloque
805 1271 862 1334 has
885 1268 1021 1334 reddere
1037 1291 1130 1333 curus
1142 1299 1163 1330 u.

369 1385 521 1449 Dixerat:
537 1407 611 1448 ecee
626 1400 698 1448 toro
711 1384 823 1448 Venus
839 1383 1012 1472 improvisa
1027 1382 1163 1464 resedit,

322 1501 413 1566 Sicut
429 1515 497 1564 crat
511 1515 635 1564 mutate
652 1498 764 1580 deam,
779 1497 981 1584 mentitaque
999 1497 1094 1585 pictis

322 1616 474 1680 Vestibus
491 1631 524 1680 et
539 1615 662 1704 magica
676 1613 792 1677 Circen
809 1610 958 1677 Titanida
972 1612 1071 1700 virga.

320 1735 410 1821 ipsa,
431 1733 519 1796 velut
534 1731 614 1795 lenti
630 1729 758 1794 fallatur
776 1711 916 1818 imagine
934 1729 1058 1810 somni,

322 1849 385 1914 llic
401 1849 514 1912 oculus
531 1847 652 1910 incerta
668 1859 774 1928 tenet,
793 1845 968 1934 magnique
983 1866 1128 1909 sororem

323 1963 491 2029 Paullatim
510 1976 604 2049 putat
617 1981 685 2024 esse
701 1959 817 2047 patris3
838 1975 909 2023 tum
925 1956 1029 2024 flebile
1045 1957 1188 2048 gaudens
1307 1975 1346 2014 22⁵

309 2191 363 2223 202.
380 2177 449 2222 Dim.
460 2175 526 2221 Carr.
540 2177 618 2221 Comes
629 2176 670 2221 irc.
682 2174 759 2222 Vstie.
773 2177 863 2221 Bouon.
876 2173 947 2226 codd,
955 2185 979 2221 et
988 2175 1041 2222 edd.
1053 2184 1107 2222 ante
1116 2177 1180 2222 Carr.
1199 2201 1222 2211 -
1234 2179 1287 2224 203.
1300 2178 1345 2224 1110

277 2259 322 2303 sui.
333 2258 423 2301 Boron.
437 2253 491 2300 cod.
508 2256 623 2301 Bouou.l
640 2263 663 2301 et
679 2255 710 2301 ll.
728 2258 794 2304 suut.
812 2257 899 2302 Msscr.
916 2255 970 2303 Ald.
984 2257 1084 2320 lingent.
1098 2266 1121 2303 et
1137 2255 1191 2302 edd.
1207 2267 1261 2304 aute
1277 2259 1358 2305 Cam

278 2339 350 2383 Forte.
361 2335 438 2379 Vatic.
456 2342 479 2378 et
493 2333 573 2380 burm.
590 2332 660 2381 codd.
674 2359 705 2369 -
717 2333 771 2381 206.
790 2335 850 2382 Oris.
865 2335 931 2382 cerr.
947 2333 1001 2382 eod.
1013 2334 1055 2382 sed
1069 2337 1114 2381 oris
1128 2352 1150 2382 v.
1169 2349 1223 2397 ²¹9·
1242 2363 1272 2372 -—
1289 2345 1342 2392 214.

279 2416 318 2462 stc
334 2412 419 2460 ocules.
430 2413 494 2458 Curr.
511 2413 557 2460 Eu.

317 2597 374 2651 203.
388 2597 449 2650 Jam
468 2615 556 2650 seeum
569 2596 627 2670 ipse
639 2597 713 2668 loqui
725 2597 788 2651 inci·
832 2603 947 2663 reddere,
959 2619 1012 2653 une
1022 2600 1147 2667 condere,
1155 2619 1237 2652 curas.
1247 2598 1342 2652 Adbuc

278 2678 315 2750 pit
324 2697 330 2730 :
341 2679 375 2729 Et
385 2695 457 2729 nune
467 2677 511 2730 ille
519 2677 654 2731 neminem
662 2695 710 2730 sua
718 2689 788 2730 sorte
831 2678 937 2751 places,
947 2679 1042 2733 Medea
1051 2681 1057 2731 l

279 2758 397 2825 moveri,
419 2757 552 2810 neminem
576 2757 618 2810 sui
640 2757 788 2810 meminisse
870 2760 989 2814 210236.
1003 2761 1095 2812 Venus
1108 2760 1194 2831 ipsum
1206 2761 1343 2832 penetrale

278 2837 437 2911 opinabitur,
447 2856 549 2905 cumque
562 2839 672 2889 omnibus
686 2841 740 2889 odit
751 2856 789 2888 me
832 2843 924 2905 intrat,
936 2839 1025 2892 Circes
1035 2840 1122 2912 speeie
1133 2850 1277 2910 assumpta,
1287 2839 1342 2892 Me-

281 2939 378 2988 quoquc
396 2917 573 2981 immeritem,
597 2935 656 2990 quse
669 2919 788 2987 (utinam
833 2916 888 2971 dest
900 2917 996 2971 assidet
1006 2917 1124 2982 ,dolosis
1132 2917 1217 2971 verbis
1228 2917 1342 2989 patriam

278 2997 382 3066 sciretl)
393 3009 529 3068 tantopere
538 3009 564 3052 et
573 3014 693 3061 moveor,
702 3009 728 3050 et
735 3015 789 3048 rne-
832 2995 999 3067 relinquendi
1022 2997 1161 3050 consilium
1177 2995 1302 3069 adjuvat,
1315 3009 1342 3049 et

278 3078 475 3142 mini‚etam0.
551 3089 556 3101 '
832 3074 867 3128 ad
881 3095 1015 3128 summum
1028 3095 1146 3130 amorem
1154 3075 1280 3129 incendit.

314 3157 371 3212 205.
388 3158 546 3210 succurrere
558 3152 640 3223 igitur
647 3151 722 3204 nullo
733 3171 788 3205 200-
868 3172 929 3207 atr.
949 3161 1050 3206 Mutata
1069 3159 1155 3217 deam,
1174 3155 1342 3226 singulariter

276 3237 312 3289 do
323 3253 449 3307 possum,
465 3231 673 3294 faciamtemen‚
684 3230 786 3296 silicet,
831 3231 932 3286 dicmm
947 3251 997 3306 pro
1013 3235 1115 3297 forma,
1129 3237 1263 3306 majestate
1284 3232 1340 3287 ders

276 3313 349 3388 quod
370 3324 473 3384 potero.
493 3314 565 3362 Illum
585 3329 645 3377 ego,
667 3313 712 3378 qm’
727 3314 788 3363 cint's
831 3313 1338 3380 mutatis,merttt'tuqueCircenTitam'da,

277 3391 452 3463 ultimus(pro
466 3392 570 3441 cinerem
585 3392 708 3452 ultimam,
724 3393 786 3459 qui)
830 3391 945 3456 Titanis,
965 3392 1031 3450 Solis
1051 3391 1145 3458 libem,
1166 3393 1246 3445 AEetae
1270 3392 1340 3462 regis

278 3477 337 3526 diris
358 3473 457 3522 laeserit
482 3470 560 3527 arvis,
591 3485 641 3539 per
663 3487 787 3541 campum
830 3491 956 3525 sororem.

277 3569 380 3626 sparsus
393 3548 451 3612 sit,
474 3566 592 3616 ossaque,
616 3551 702 3615 quibus
721 3553 788 3601 tauri
868 3553 926 3606 223.
946 3549 1054 3614 Medea,
1071 3555 1140 3603 velut
1158 3554 1219 3602 lenti
1229 3551 1341 3619 fallatur

276 3649 398 3699 saevusque
409 3631 471 3698 iguis
481 3629 491 3695 (
500 3626 568 3698 iguis
579 3640 716 3682 taurorum
725 3633 735 3700 )
744 3651 787 3699 pe·
831 3635 938 3701 imagine
959 3635 1050 3691 somni,
1073 3631 1151 3703 quasi
1170 3649 1218 3702 per
1240 3630 1340 3683 insom-

275 3713 394 3780 prrcerr't,
420 3725 578 3774 componam,
599 3727 650 3761 vox
673 3710 787 3763 solennis
830 3711 904 3762 nium
914 3711 987 3764 inani
996 3710 1082 3782 specie
1090 3709 1248 3781 decipiatur,
1257 3713 1340 3762 oculos

278 3790 312 3843 de
328 3787 450 3858 ossilegio
465 3797 490 3840 et
504 3786 591 3841 cinere
603 3787 632 3840 in
643 3807 710 3843 urnn
724 3809 786 3843 con·
830 3793 924 3842 incerta
941 3805 1019 3851 tenet,
1036 3791 1091 3862 ipsa
1109 3790 1207 3853 nescit,
1226 3808 1261 3843 20
1282 3790 1339 3842 visu

277 3867 373 3922 dendo.
829 3867 909 3940 digne
923 3868 991 3934 sint,
1009 3887 1067 3940 quse
1087 3867 1174 3932 videt,
1190 3871 1336 3934 paullatim,

314 3949 371 4001 208.
383 3953 442 4008 Fas,
453 3949 504 4000 hoc
514 3947 604 4000 saltem
615 3947 718 4016 licebit,
729 3965 786 4001 tunc
829 3948 915 4018 primo
938 3948 1060 4020 conjicit,
1080 3965 1139 4001 mox
1159 3963 1232 4014 putet
1255 3941 1340 4016 magni

276 4029 337 4078 milti
347 4047 430 4078 manes
439 4030 553 4080 dilexisse
563 4029 624 4087 viri,
637 4039 784 4093 mortuum,
825 4031 905 4094 patris
917 4047 967 4078 csse
975 4047 1090 4080 sororem.

277 4109 415 4175 tremuloque
433 4107 494 4166 bas,
508 4123 666 4176 quaenunc
687 4107 784 4172 sentio,
867 4109 924 4160 215.
939 4113 997 4160 Tum
1008 4113 1089 4178 flebile
1100 4115 1211 4181 gaudens
1221 4111 1338 4184 (elegans
