2994 4702
152 407 155 414 .
207 337 271 412 3bo
647 348 839 412 ORPHEI

251 479 405 542 Percussa
424 479 586 566 extemplo
603 479 679 542 loris
694 479 817 544 cervice
837 477 1023 543 tremendis.

251 595 293 657 At
307 593 428 682 Minyae
445 592 533 657 ferro
549 593 763 682 Bebrycensia
781 615 918 684 corpora
931 590 1070 658 caedunt.

296 707 457 772 Solvimus
473 707 569 792 hinc,
594 708 775 797 urbemque
789 709 823 772 in
841 710 906 773 lato
921 709 1017 772 litore
1034 728 1186 796 magnam
1245 725 1285 762 ⁶⁶0
1307 787 1312 794 .

253 821 446 912 Remigibus
466 823 572 906 lassis,
585 824 734 913 Bithynia
756 839 857 906 tecta,
874 823 1037 905 subimus

255 937 340 1001 Hinc
356 936 421 1016 jam
438 937 542 1001 fontis
554 959 669 1026 aquas,
692 954 724 1002 et
737 939 824 1002 silvis
842 937 927 1028 ligna
935 930 1062 1002 'nivosis

255 1051 423 1116 Poscimus
438 1052 597 1141 hospitio,
611 1070 644 1118 et
659 1053 721 1117 sub
738 1069 867 1118 noctem
884 1075 976 1118 coeua
993 1067 1135 1140 paratur.

254 1163 400 1229 Perdidit
415 1164 469 1230 hic
485 1165 632 1256 geminos
647 1166 778 1232 vibratis
795 1164 894 1232 corde
910 1166 1055 1231 tumenti

254 1280 371 1345 Infelix
383 1280 527 1345 Phineus
540 1281 657 1369 petris,
674 1305 732 1346 sua
747 1283 898 1371 pignora,
921 1297 1035 1363 natos,
1051 1263 1052 1268 ἵ
1247 1296 1286 1335 ⁶⁶⁵

257 1393 454 1483 Objecitque
466 1394 542 1460 feris
559 1395 673 1459 insano
690 1395 800 1460 uxoris
814 1418 944 1476 amore3

258 1511 317 1574 His
333 1527 441 1575 autern
458 1511 556 1576 vitam
573 1510 717 1575 reddunt
734 1528 767 1576 et
782 1510 905 1576 lumina
924 1511 991 1575 nati

257 1625 307 1689 De
324 1627 441 1707 Borea3
458 1625 620 1690 Phineum
637 1626 740 1716 gravis
759 1642 808 1690 est
820 1626 945 1706 jactura
961 1639 1120 1712 sequuta:
1150 1675 1151 1680 η
1170 1669 1173 1682 ·

257 1741 407 1828 Namque
420 1737 627 1830 indignantes
643 1741 815 1804 oculorum
829 1741 954 1805 lumine
970 1756 1100 1804 caecant.

260 1856 373 1939 Quum
389 1855 497 1920 subito
512 1855 624 1921 validis
639 1859 738 1922 Borea
757 1843 899 1946 spirante
915 1856 1064 1944 procellis
1252 1873 1291 1926 ⁶70

260 1975 447 2038 Currantur
459 1971 568 2036 densae
585 1995 757 2037 nemorosa
774 1973 941 2038 cacumina
956 1973 1059 2054 silvae,
1082 1957 1084 1962 ,

260 2090 306 2152 Ut
321 2089 424 2152 lueret
438 2088 493 2151 lue
508 2087 650 2151 Bistonia
665 2086 871 2176 lacrymabile
885 2087 999 2150 fatum.

261 2202 346 2266 Hinc
362 2203 461 2291 igitur
476 2201 584 2266 miseri
603 2200 744 2266 crudelia
763 2217 845 2266 tecta
865 2200 994 2292 tyranni

260 2316 473 2404 Linquimus,
489 2333 522 2380 et
537 2333 639 2382 vastas
655 2317 761 2406 pelagi
777 2315 1028 2382 conscendimus
1042 2315 1167 2397 undas,

263 2433 406 2519 Cyaneas
422 2430 512 2511 juxta
526 2447 650 2519 petras,
665 2453 744 2520 quas
760 2431 884 2520 optima
902 2447 1043 2494 matrum
1100 2463 1103 2466 ·

264 2558 492 2621 Annumerans
509 2555 621 2620 docuit
635 2554 801 2644 quondam
813 2578 866 2619 me
878 2555 1050 2643 Calliopea.

265 2668 327 2734 Hic
343 2691 420 2759 ergo
439 2669 528 2733 exitii
545 2668 669 2734 vitandi
686 2669 774 2733 nulla
792 2668 941 2750 facultas,

265 2783 416 2873 Namque
436 2785 496 2850 illae
510 2784 651 2850 adversis
670 2800 845 2850 ventorum
863 2781 991 2847 flatibus
1009 2800 1102 2866 actae,

268 2902 481 2988 Occursuque
497 2923 607 2989 graves
622 2899 759 2965 allidunt
776 2921 850 2963 saxa
865 2898 1020 2988 gementi.

267 3015 329 3079 Hic
345 3015 498 3105 strepitus
513 3016 577 3079 late
591 3015 724 3105 pelago,
742 3015 885 3102 caeloque
898 3013 1056 3102 gementis
1258 3030 1297 3066 ⁶⁸·

267 3131 448 3219 Praecipites
467 3146 620 3195 resonant
639 3129 801 3218 perruptis
815 3127 969 3196 fluctibus
983 3126 1093 3190 undae.

268 3250 326 3313 Ast
344 3269 404 3336 ego
422 3261 492 3311 tutu
510 3247 564 3310 tali
577 3245 619 3309 ad
631 3247 761 3335 Tiphyn
775 3267 925 3310 sermone
936 3244 1108 3332 loquutus:

313 3361 389 3426 «Ad
400 3361 538 3450 puppim
555 3377 706 3425 converte
725 3361 853 3442 oculos,
871 3377 904 3424 et
920 3359 1047 3424 cautius
1063 3359 1143 3422 ito».

270 3475 378 3538 Sensit
394 3473 452 3538 ubi
471 3473 556 3556 haec,
571 3474 696 3562 gelidus
712 3476 819 3540 tenuit
833 3473 1008 3563 praecurdia
1028 3471 1176 3560 sanguis,

272 3587 442 3676 Quidquid
455 3603 529 3677 agat
541 3603 649 3652 tamen
664 3611 782 3654 arcano
797 3589 858 3652 sub
874 3603 1005 3677 pectore
1021 3586 1104 3650 celat
1260 3603 1300 3642 6³⁵

271 3705 357 3767 Tum
371 3725 493 3768 secum.
509 3701 673 3768 Sedenim
687 3704 788 3768 Pallas
801 3703 978 3769 consistere
993 3722 1119 3766 summa
1153 3780 1156 3786 Ι

276 4043 414 4129 imperat
428 4057 569 4105 antenna
582 4040 764 4122 volucrem,
782 4041 827 4104 sic
841 4041 926 4104 June
943 4038 1111 4116 monebat,
