3002 4680
434 401 830 472 ARGONAUTICON
861 403 945 466 LIB.
971 403 1031 466 Vl.
1229 405 1266 470 13

248 538 331 600 Cum
347 533 495 615 fremitu,
514 532 671 620 densique
685 532 793 595 lerant
807 531 918 596 vexilla
931 533 1066 615 Coralli,

247 650 422 714 Barbaricee
440 648 513 738 quia
531 647 625 736 signe
639 662 733 727 roua,
748 643 930 734 ferrataque
946 646 1044 712 dorao
1245 682 1274 718 ,a

249 763 368 828 Forma
383 783 500 844 auum,
518 777 705 848 truncaeque
715 761 804 824 Iovia
820 761 990 826 simulacra
1003 763 1180 846 columnae,

247 879 358 942 Prelia
374 899 435 942 nec
447 899 546 940 rauco
560 891 676 940 curant
688 874 861 940 incendere
877 897 1000 960 cornu,

248 992 420 1082 Indigenas
438 991 495 1056 aed
513 992 574 1056 rite
588 990 705 1072 duces,
720 1005 752 1054 et
763 990 867 1078 prisea
880 1013 1016 1056 snorum

249 1107 344 1170 Facta
358 1120 499 1188 canunt,
518 1121 748 1193 veterumque,
761 1105 838 1168 vitia
853 1104 1056 1189 hortamina,
1073 1107 1193 1174 laudea.
1251 1151 1255 1170 .

294 1223 354 1286 Ast
369 1220 426 1284 ubi
444 1219 611 1284 Sidonicas
626 1221 712 1283 inter
725 1216 823 1307 pedes
836 1235 943 1306 aequat
957 1219 1116 1302 habenas,
1247 1243 1275 1291 ,a

140 1370 143 1377 ·
249 1337 344 1400 Illinc
359 1336 483 1416 juratos
499 1336 533 1399 in
550 1355 585 1398 ae
600 1333 699 1398 trahit
715 1329 773 1397 AEa
788 1335 957 1406 borennas,

236 1545 276 1602 94.
286 1541 352 1586 Fata.
363 1535 438 1584 Vatic.
447 1547 470 1583 et
483 1537 574 1582 Bonon-
589 1534 659 1582 eodd.
676 1558 706 1570 -
721 1535 760 1596 96.
776 1537 806 1580 In
817 1549 842 1578 ae
858 1533 932 1580 tradit.
944 1534 1019 1581 Vatia.
1031 1544 1054 1582 et
1064 1537 1154 1582 Bonna.
1169 1536 1275 1584 reddet

206 1616 262 1664 edd.
274 1626 329 1664 ante
340 1617 405 1663 Carr.
417 1617 448 1662 11.
459 1617 544 1661 Secum.
556 1613 621 1660 Carr.
639 1614 682 1660 aa.

208 1781 316 1848 suadet,
333 1783 451 1852 pubem),
471 1785 526 1851 agit
542 1799 654 1848 oeqraore,
672 1795 719 1851 pet·
762 1779 832 1832 Faet-
843 1797 903 1852 pag.
916 1781 986 1844 356,
999 1781 1040 1836 ed.
1055 1784 1146 1838 Decet.
1160 1785 1232 1839 uuus.
1245 1787 1278 1838 li·

207 1879 330 1928 eampum
340 1863 487 1927 ,densiqaa,
496 1859 616 1912 conferto
625 1857 719 1910 ordine
764 1859 863 1912 bellurn
876 1865 902 1914 1.
919 1863 979 1913 rau.
997 1866 1083 1914 uisset
1096 1862 1130 1914 de
1146 1881 1228 1935 porco
1245 1865 1273 1918 in

127 1941 132 1964 ¹
208 1938 375 2002 incedentes,
396 1943 478 1991 lavant
494 1941 590 1990 venilia
614 1939 716 1998 comiti,
763 1937 866 1991 vexiiiia
882 1937 1003 2007 Magdeb.
1029 1944 1103 2010 1748·
1120 1941 1171 1995 Sed
1190 1961 1275 2015 quuna

207 2021 343 2070 barbaricae
355 2021 410 2085 quia
423 2020 497 2086 signa
515 2031 584 2070 rotoe.
599 2017 646 2069 Uti
659 2035 720 2088 apo·
762 2017 876 2090 Scytha,
893 2029 959 2072 teate
971 2017 1129 2086 Haudlh',
1150 2023 1201 2084 63,
1217 2043 1275 2076 saraa

207 2097 241 2150 iia
263 2099 297 2151 ab
319 2097 439 2149 boatibna
463 2094 624 2168 capta(hee
647 2096 718 2148 enim
764 2099 1274 2171 averterentur,etneaierentquidetn,

207 2188 284 2240 aunt,
295 2193 354 2250 qne
363 2178 492 2227 barbarica
501 2174 615 2246 appellat
623 2186 700 2245 poeta
710 2175 719 2240 i
762 2177 891 2238 Maaerio,
901 2177 947 2247 qdi
959 2176 994 2229 de
1005 2179 1147 2242 hratrieibaa
1156 2182 1274 2252 exponit,

208 2255 316 2308 omnino
331 2257 360 2308 in
372 2256 477 2328 templis
490 2255 629 2308 servabant
637 2254 718 2306 Vete-
764 2252 1032 2307 amerianae-Viti.
1041 2253 1082 2306 Pii
1093 2266 1162 2308 nott.
1173 2255 1224 2310 En.

208 2348 250 2387 rea
259 2335 269 2402 (
277 2334 372 2405 Virgii.
382 2337 442 2386 AEn.
454 2335 491 2400 11,
506 2334 557 2400 ⁵⁰4
569 2335 719 2397 ,Barbarion
800 2353 845 2402 9¹·
857 2339 1008 2400 arianaeque
1017 2337 1082 2385 Iovia
1094 2337 1225 2388 rinualaera
1236 2357 1277 2390 eo·

204 2429 287 2482 postea
299 2433 373 2475 auro,
384 2417 512 2482 spoliisque
525 2415 621 2480 superbi
625 2433 634 2473 ,-
649 2411 720 2464 coni.
764 2416 863 2464 Iamna.
876 2413 936 2464 Non
947 2412 1061 2466 Martem
1076 2412 1179 2478 auium,
1192 2433 1277 2488 quan·

104 2559 112 2570 ⁸
211 2491 720 2564 eumdem,V11,r83-186,etibiliey·
763 2509 844 2564 quam
861 2489 933 2544 hunc
948 2490 977 2542 iu
996 2491 1102 2562 primia,
1117 2491 1275 2550 aed‘Jovem

209 2575 282 2628 nium
293 2578 319 2644 ),
333 2573 368 2625 ita
389 2585 415 2625 et
432 2591 525 2624 eunus.
545 2573 593 2626 Sil.
612 2571 672 2624 ltai.
688 2573 718 2638 1,
763 2571 842 2624 etiam
856 2591 869 2622 a
883 2569 989 2643 Scythia
1002 2570 1105 2624 cultum
1119 2589 1191 2636 aare,
1204 2573 1275 2628 ident

208 2655 271 2718 618,
283 2655 412 2723 lusoribus
421 2655 511 2714 saeris,
520 2654 646 2720 primoque
655 2653 679 2701 in
689 2655 720 2701 h'·
763 2661 853 2720 narrat
868 2648 1033 2713 Herodotua,
1046 2649 1097 2714 1V,
1109 2655 1141 2719 ⁵9
1154 2669 1161 2704 τ
1172 2653 1278 2708 aimuia·

208 2735 273 2784 mine
286 2733 368 2801 templi
382 2734 473 2800 Captivi
484 2747 584 2789 curum
596 2729 716 2782 Juvenal.
764 2749 809 2782 cra
821 2729 903 2800 igitar
911 2731 984 2802 ejus,
997 2728 1041 2782 vel
1053 2741 1189 2800 protomaa
1202 2743 1277 2785 tann-

208 2811 331 2875 X,135,
345 2825 436 2862 carana
449 2811 653 2878 temonejagumr
664 2808 720 2880 ipae
763 2808 801 2861 eia
818 2807 943 2860 arborum
968 2808 1101 2879 impoaitaa
1121 2828 1171 2880 pro
1194 2812 1277 2884 εἰμὴ

208 2891 320 2952 Noster,
333 2891 345 2940 1
356 2927 363 2950 ,
374 2890 436 2957 837,
444 2890 525 2956 galeis
536 2891 642 2953 rotisque
650 2905 718 2955 μω·
763 2887 845 2942 suinae
853 2885 992 2938 veriaiuriie
1002 2885 1040 2938 iit.
1049 2915 1085 2927 -
1095 2888 1188 2942 Joaem
1199 2891 1276 2944 alion-

211 2982 282 3019 (ητα
304 2971 397 3018 harus.
428 2967 528 3018 Forsan
548 2966 625 3038 igitur
648 2978 719 3018 rotat
763 2965 891 3037 qaedeoa
904 2963 1145 3038 ooiebantqtu'dem
1157 2968 1278 3040 Scytha),

210 3047 331 3099 curribus
346 3057 482 3116 exemptae
497 3063 546 3117 pro
563 3045 718 3118 aigniaScy·
765 3044 811 3097 aed
837 3045 884 3095 uni
904 3037 984 3098 Marti
1007 3055 1108 3098 atatuaa
1130 3049 1274 3118 ponebant.

209 3121 448 3190 thae'habuernnt,
466 3125 538 3197 quod
559 3143 612 3178 non
636 3125 719 3196 magia
767 3127 870 3176 Truaeoe
892 3123 973 3194 igitur
990 3127 1129 3186 columma,
1152 3138 1182 3179 nt
1207 3129 1274 3182 anibi

209 3207 305 3258 urinum
320 3205 404 3259 rideri
418 3218 520 3278 potest,
533 3223 613 3277 quarn
628 3225 716 3264 cerva,
764 3201 888 3266 videtur,
909 3219 993 3273 qaum
1007 3203 1062 3258 virn
1081 3203 1201 3260 iuimin'u
1216 3227 1277 3261 orn.

209 3305 235 3337 a.
250 3303 299 3355 70,
314 3295 354 3348 et,
371 3286 417 3356 qni
430 3296 593 3356 aequantur,
607 3303 678 3344 suaa,
694 3293 720 3336 et
763 3281 809 3336 nia
838 3283 983 3354 frangentia
1008 3282 1185 3349 exhiberent,
1204 3288 1277 3344 Joaia

210 3367 274 3416 lovis
286 3370 406 3417 columnae
413 3401 421 3427 ,
430 3379 489 3434 que
499 3364 586 3416 omnia
598 3383 613 3416 a
625 3361 720 3416 noan-ia
764 3361 935 3428 emblembta,
955 3373 1103 3415 atatuarum
1123 3363 1197 3431 ioco,
1210 3364 1275 3440 Scy·

210 3443 369 3498 militaribaa
378 3443 459 3514 aignia
472 3442 549 3514 longe
560 3441 717 3514 discrepent.
764 3441 815 3495 thia
826 3441 1002 3494 habebantur.
1016 3441 1068 3494 En.

246 3541 289 3591 9⁰·
315 3528 417 3574 Ferrata
441 3527 514 3575 dorso
528 3523 615 3590 forma
641 3541 720 3574 suurn.
801 3541 845 3592 9²·
859 3524 1279 3578 muaaeamcacammaem·

210 3603 275 3656 Suea
293 3601 389 3674 igitur,
402 3602 497 3673 quibua
516 3619 567 3674 pro
579 3601 641 3655 aetia
658 3617 720 3655 aun·
765 3605 823 3654 ἄση
835 3619 926 3662 coma,
941 3619 996 3654 non
1010 3602 1279 3659 tubialituiaveenei·
1391 3645 1397 3652 .

211 3681 265 3733 leoa
286 3681 383 3734 sea-reoa
406 3677 581 3734 addiderant?
593 3680 721 3732 Ferarum
765 3689 823 3732 tant
842 3697 904 3732 anoa
916 3678 950 3732 ad
963 3691 1098 3733 certamen
1111 3680 1278 3750 ineundum,

211 3758 336 3830 imaginea
352 3761 392 3812 uti
411 3759 521 3811 omniuo
537 3759 628 3830 priaeia
647 3759 722 3830 aigne
765 3755 811 3812 aed
829 3772 871 3812 rea
891 3777 907 3812 a
926 3758 1071 3831 mttJ'oribua
1084 3771 1170 3830 geataa
1182 3761 1279 3817 deuan-

211 3839 334 3891 miiitaria
353 3838 432 3891 fnirae
443 3835 555 3902 acimua,
571 3838 606 3890 ita
625 3838 653 3890 in
667 3837 722 3908 pri·
766 3849 839 3905 tant,
853 3851 962 3890 veteram
975 3841 1076 3900 laudea,
1090 3841 1150 3891 ruha
1162 3841 1278 3894 bomani·

212 3917 308 3970 ariade
319 3915 459 3970 Germania
476 3925 586 3969 testatur
597 3915 721 3980 Tacitua,
765 3937 815 3978 aa,
826 3917 922 3989 quibua
937 3935 964 3970 ae
983 3915 1017 3972 ad
1034 3917 1154 3972 eamdem
1170 3921 1278 3978 laudern
1306 3911 1311 3922 ’

212 3995 279 4049 iiiat.
292 3995 343 4062 tv,
355 4015 386 4048 aa
397 4036 405 4062 ,
418 4007 443 4047 et
452 3993 543 4048 Gerrn.
552 3993 616 4046 vn.
627 3997 721 4048 Rorna-
766 3995 910 4067 impeihnt.

211 4076 241 4126 ni
253 4073 320 4128 adeo
332 4095 419 4144 aprum
432 4075 461 4128 in
475 4074 577 4128 vexillia
595 4073 721 4128 habuere.
802 4073 848 4144 9⁵·
861 4081 976 4128 Bataraoe
989 4075 1015 4128 in
1029 4075 1144 4134 Coieboa
1156 4083 1281 4150 eoajramei

212 4152 275 4207 rid.
285 4154 354 4206 Plin.
365 4153 399 4208 Η.
411 4153 447 4205 Ν.
457 4153 498 4220 Χ,
511 4153 618 4220 4;Sext.
630 4153 723 4224 Pomp.
767 4154 1009 4216 intonantium
1019 4157 1139 4225 regione,
1150 4163 1192 4212 ubi
1200 4166 1277 4230 padea
