3002 4680
438 391 828 462 ARGONAUTICON
856 389 941 456 ula.
967 390 1026 454 VI.
1250 411 1269 475 7

248 534 382 624 Legatos
392 529 554 620 placetire
566 523 906 612 ducea;mandataque
921 521 1033 587 Peraea
1247 541 1270 578 aa

248 646 371 712 Edocet
380 643 481 710 adlati
493 644 635 732 Minyas,
647 639 858 727 fraudemque
870 636 998 726 tyranni

249 761 294 826 Ut
308 775 480 840 moneant3
496 761 630 846 quinam
645 755 723 820 hinc
735 753 860 820 animos
872 750 1022 816 averterit
1032 770 1141 828 error;

247 874 289 938 Se
305 874 447 962 primum
463 869 639 936 Haemoniis
653 869 820 934 hortatum
838 889 876 930 ea
891 865 1008 930 vellera
1024 862 1116 928 tern'a

246 987 411 1070 Reddere,
429 1003 462 1054 et
478 987 606 1052 exuvias
624 981 757 1074 pecudia
774 981 935 1074 dimittere
952 1001 1066 1058 sacrte3

247 1101 333 1165 Hinc
348 1100 460 1166 odium
480 1115 513 1164 et
527 1099 609 1166 tanti
626 1099 751 1163 venisse
768 1093 900 1160 exordia
913 1093 998 1159 belli.

246 1213 335 1301 Quin
352 1213 462 1302 potina
478 1212 688 1301 dextramque
705 1233 797 1276 auam
813 1231 935 1297 suaque
952 1229 1042 1273 arma
1059 1221 1248 1294 aequamur,

247 1329 313 1392 Aut
331 1343 490 1410 remeent3
510 1327 722 1414 nequeenim
736 1321 838 1393 AEetae
854 1322 1012 1412 promissa
1026 1319 1189 1410 fidemque

246 1439 324 1504 Ease
341 1439 433 1521 loco,
449 1439 632 1504 abstineant
649 1439 760 1534 alienae
777 1460 797 1500 a
813 1438 971 1527 sangiune
986 1457 1114 1524 pugnae.

246 1553 321 1617 Non
339 1551 411 1618 illoa
428 1552 503 1620 ideo
520 1553 602 1620 tanti
619 1552 746 1616 venisse
762 1551 890 1615 laborea

247 1665 310 1730 Per
325 1668 441 1748 maria3
458 1667 578 1757 ignotis
597 1665 677 1755 quid
695 1687 778 1754 opua
796 1685 1007 1746 concurrere,
1026 1684 1087 1728 nec
1102 1685 1186 1750 quoa
1247 1679 1271 1718 2⁵

246 1775 385 1844 Oden’a?
398 1779 474 1844 Hac
489 1778 597 1844 medio
609 1779 720 1844 Perses
732 1777 812 1844 dum
824 1793 971 1867 tempore
985 1777 1133 1858 mandat,

246 1891 374 1954 Aureus
386 1891 507 1956 effulsit
519 1893 639 1981 campie
651 1891 770 1975 rubor,
784 1915 938 1981 armaque
952 1907 985 1956 et
997 1914 1084 1956 acres

246 2003 370 2091 Sponte
381 2027 437 2070 aua
449 2021 615 2094 strepuere
626 2007 722 2074 tuba.
733 2007 933 2075 Marasaevua
943 2007 984 2072 ab
995 2005 1085 2086 altis,

247 2147 260 2172 α
271 2119 380 2182 Hostia
392 2119 425 2182 io
440 2150 470 2197 a,
484 2121 682 2204 conclamat,
697 2153 710 2178 ι
722 2122 830 2210 aquia,
842 2123 943 2212 agite3
956 2123 1014 2202 ite,
1026 2120 1224 2208 propinquat
1235 2148 1247 2173 ι
1259 2145 1269 2200 3

246 2235 295 2298 Ac
307 2231 403 2297 simul
414 2233 492 2298 hinc
506 2233 661 2317 Colchos,
673 2234 751 2300 hinc
763 2234 872 2299 fundit
881 2235 915 2300 in
928 2255 1058 2324 aequora
1068 2231 1208 2311 Persem
1245 2241 1270 2281 ³⁰

234 2445 272 2494 23.
289 2447 380 2494 Aliena
394 2450 509 2510 unguina.
522 2448 597 2496 Vatin-
611 2449 666 2499 cod·
682 2457 707 2496 et
723 2449 777 2499 edd..
793 2457 847 2496 anta
863 2449 928 2498 cm.
948 2447 1032 2496 Atta·
1044 2445 1161 2507 reiquae.
1178 2440 1271 2490 bnon.

201 2526 256 2574 cod.
272 2553 303 2562 -
320 2533 358 2581 ak.
370 2529 462 2579 Tantae.
479 2537 503 2574 et
519 2544 586 2574 varan
597 2544 646 2590 aeq.
661 2531 747 2589 Ignoti.
763 2530 827 2575 lunt.
843 2529 929 2576 Maean
940 2527 993 2574 ald.
1008 2527 1107 2588 Rogant.
1123 2525 1189 2571 Gerr.
1207 2521 1274 2568 Tmtt'

202 2607 294 2650 neuim
306 2604 397 2650 ladam
404 2621 448 2668 par
460 2607 532 2652 maria
540 2608 618 2668 ignoti
632 2607 722 2654 Bonon.
733 2607 786 2654 cod.
798 2607 889 2656 bnon.
903 2607 947 2652 lat
959 2607 989 2652 ll.
1003 2607 1038 2658 De
1049 2619 1103 2650 vara
1112 2601 1213 2650 lectione
1221 2600 1270 2661 iarn

203 2691 327 2730 monuerat
338 2682 400 2730 Pina.
416 2683 460 2730 lin.

197 2877 264 2916 ¹cnm
281 2856 408 2912 aduauna
420 2855 547 2929 loquendi
561 2857 714 2912 conforma·
758 2857 876 2914 dudum
897 2858 1037 2921 auatiaaet,
1057 2858 1126 2910 nam
1145 2859 1224 2910 AEate
1246 2867 1273 2910 at

202 2947 276 3000 rent,
299 2937 325 2988 in
346 2936 442 3008 quibua
461 2937 574 2990 maxime
596 2935 713 3008 placuit,
757 2939 894 2993 helluatio
904 2956 931 2990 aa
940 2937 1120 2990 concitaverit.

202 3016 278 3088 qood
291 3015 464 3070 anticiaaimua
478 3017 607 3070 Mallerua
620 3017 713 3070 Gizen-
795 3038 837 3072 aa.
848 3020 1009 3088 AEetoefidam
1018 3035 1068 3067 non
1079 3034 1132 3067 aua
1140 3019 1194 3068 loeo
1203 3053 1212 3076 ,
1221 3012 1269 3066 fln-

202 3098 296 3150 aiaauo
305 3095 451 3167 exe-plari
463 3093 654 3168 adacripaerat:
666 3100 715 3148 ad·
759 3117 817 3152 xam
827 3137 835 3160 ,
844 3097 990 3150 instabilem
1001 3112 1065 3148 eaae.

195 3176 263 3245 sern'
275 3177 376 3242 Minyis.
392 3173 493 3228 Foraan
507 3177 644 3229 tamenab
657 3175 715 3248 ipao
797 3182 839 3230 26.
853 3179 923 3229 Dum
933 3175 990 3228 hac
1002 3176 1091 3228 Peraea
1102 3173 1136 3226 ad
1145 3173 1270 3226 Jaaonam

203 3273 254 3308 nan
276 3253 407 3328 loquendi
427 3273 481 3308 nan
502 3254 666 3319 diremerit,
692 3256 715 3310 ai
758 3257 823 3311 ferri
837 3255 962 3312 mandata
974 3253 1274 3328 janenaumeffatsn

201 3334 289 3403 adfari
298 3331 416 3399 dividat,
426 3333 479 3387 ita:
497 3338 586 3386 edocet
595 3339 715 3386 maara
759 3339 852 3406 eampis
861 3339 941 3396 nudor,
954 3334 997 3388 rel
1011 3351 1113 3387 aurorae
1124 3369 1132 3398 ‚
1142 3331 1188 3386 vel
1201 3331 1272 3384 Mar·

195 3416 254 3482 sari
261 3412 367 3482 (ellari)
375 3415 527 3480 aduinus.
536 3415 637 3466 Locum
647 3413 716 3468 aimi-
759 3416 792 3469 tia
803 3435 882 3470 curru
895 3413 1060 3468 advenientia
1072 3411 1161 3484 fulgor
1169 3449 1177 3478 ,
1186 3431 1270 3464 arnae·

202 3491 257 3544 hm
277 3491 409 3544 invenisne
428 3492 495 3546 mihi
516 3491 625 3544 videbar
642 3490 716 3564 apud
759 3513 1006 3564 quenonooncnaan
1018 3495 1271 3557 ‚etaeensntboenon

202 3569 358 3623 Ciceronem
375 3567 580 3637 deomant,
604 3575 655 3636 16,
670 3571 716 3624 uhi
759 3575 1180 3644 inflataaampuerespontudiora
1195 3589 1271 3624 sarua

202 3651 303 3717 adigam
318 3649 433 3704 urbiam
446 3661 485 3702 eat
499 3667 550 3721 pro
563 3668 655 3718 agera,
670 3669 714 3702 eo·
759 3657 857 3707 dalaia
867 3656 951 3722 aquis,
960 3653 1271 3716 annumerandam·

201 3747 265 3796 aare
282 3731 319 3780 ad
329 3731 458 3781 arbitrum.
760 3733 876 3797 elamat,
890 3737 969 3804 agite,
987 3735 1033 3793 ite,
1045 3734 1205 3802 propinquae.
1219 3731 1270 3784 De·

165 3823 168 3830 ’
241 3809 281 3859 16.
294 3809 479 3875 umdemque,
499 3806 533 3862 de
547 3807 661 3872 fraude,
675 3825 712 3876 9·-
756 3823 882 3885 properat
899 3813 996 3876 verba,
1014 3811 1055 3864 nti
1074 3827 1132 3864 moa
1149 3821 1205 3876 eat,
1225 3809 1272 3864 abi

203 3889 279 3939 mani
285 3901 450 3948 utmoaaant,
459 3889 561 3956 quinam
570 3892 711 3954 errorlat'ac,
757 3892 906 3964 pericnlum
917 3903 955 3944 eat
964 3892 992 3943 in
1001 3907 1083 3942 mora.
1092 3889 1139 3943 Sil.
1150 3889 1211 3942 Ital.
1220 3889 1271 3950 w,

201 3963 362 4036 expertibua
374 3965 457 4019 Perae
466 4003 474 4029 ,
484 3970 713 4032 mimarmmn't,
758 3971 808 4042 982
818 3977 912 4032 Anna,
929 3973 992 4034 uiri,
1014 3971 1093 4039 rapite
1105 3987 1194 4029 anna,
1214 3971 1271 4022 uiri.

202 4043 411 4110 abalienaverit,
423 4063 507 4118 qaum
519 4057 608 4100 tamen
623 4046 714 4102 Peraea
759 4080 794 4092 -
808 4051 885 4103 Conf.
897 4051 972 4122 Virg.
986 4051 1046 4102 AEn.
1058 4049 1113 4114 lx,
1128 4047 1172 4102 38.
1183 4049 1234 4100 Eu.

202 4123 317 4199 stipae,
326 4123 489 4195 quadrellos
499 4126 657 4198 monentia
664 4138 715 4182 tra·
797 4130 839 4184 3ο.
860 4133 949 4184 Frmdit
957 4133 982 4182 in
991 4149 1111 4198 oethra,
1124 4128 1271 4200 planitiem.
