3002 4680
423 377 548 443 Novt
582 373 829 444 EtttTo'ttts
860 381 1017 446 NOTAE.
1213 381 1253 446 85

332 495 373 540 Ma
383 493 421 541 bel
437 508 504 539 roera
519 492 576 554 ogni
592 491 667 556 fregio
678 495 695 538 il
706 495 769 540 eluto
780 505 881 548 mostra.

331 570 380 617 Che
389 584 481 630 neppur
493 567 555 614 nuda
564 569 594 614 ha
603 568 628 614 di
637 569 720 614 laaeiar
729 579 841 616 coatume.

333 643 377 690 nie
388 658 462 705 corpo
472 659 487 689 a
497 643 535 688 chi
546 658 593 688 uon
604 642 620 688 l'
629 643 702 698 ebbe;
715 659 728 690 e
739 645 835 706 quando
846 645 863 690 it
876 644 937 700 lece,

331 721 432 781 Tempre
443 718 553 772 mirchlh,
564 719 600 764 ch'
608 719 681 765 eltrui
691 735 780 766 meeuer
792 737 841 766 nou
851 721 908 767 lece.

332 793 416 854 Teucri
427 793 548 854 edegni,‘e
559 793 651 854 placido
663 809 676 840 e
686 794 813 856 tranquille

333 868 449 930 ltepulre,
464 885 478 915 e
489 867 537 915 cari
547 868 626 923 remi,
642 883 655 914 e
665 868 720 916 liete
731 869 795 930 paci,

332 941 431 997 burriel,
442 943 570 1004 perdetne,
582 942 671 990 odolei
683 943 746 990 atille

333 1015 363 1063 Dl
375 1016 471 1079 plauto,
482 1031 496 1064 e
506 1016 583 1078 eueplr
591 1017 694 1070 tronehi,
706 1034 721 1064 e
731 1018 795 1064 molli
804 1018 856 1064 beri
866 1035 872 1063 ε

332 1091 392 1137 Pure
402 1091 435 1136 tui
446 1101 500 1138 ecee
510 1099 581 1145 tortu
599 1105 612 1136 e
622 1090 703 1152 porcia
717 1091 789 1140 unllle
799 1126 805 1146 ‚

332 1165 369 1212 Ed
379 1166 402 1212 al
413 1165 467 1212 foco
479 1167 571 1228 temprb
583 1165 607 1211 di
618 1165 681 1212 lente
691 1165 751 1220 saci;

332 1240 350 1286 t
364 1255 394 1286 ne
410 1239 488 1288 formo
504 1241 559 1303 quel
574 1241 594 1287 ei
605 1241 698 1286 mirabil
709 1241 772 1286 eluto

334 1315 364 1360 nt
377 1315 414 1362 cb'
429 1316 474 1363 ella
483 1331 555 1364 arere
565 1315 583 1362 il
593 1317 632 1363 bel
643 1317 718 1363 firnoo
729 1315 841 1364 ruuciuto.

195 1451 326 1524 Uterque,
344 1454 454 1510 Intinue
471 1473 569 1530 nempe
589 1469 616 1511 et
637 1457 743 1510 Italicae
762 1469 858 1528 poeto,
871 1453 944 1509 hunc
956 1467 1079 1508 ornatum
1093 1468 1257 1528 apertorum

194 1535 313 1608 principe
323 1551 476 1604 mutuatur,
488 1541 625 1614 proprium
634 1540 733 1594 ‚tabule
749 1559 801 1593 eurr
812 1537 846 1592 ad
861 1557 937 1592 urum
954 1539 1077 1606 refinxit,
1091 1551 1117 1593 et
1130 1540 1206 1612 quari
1223 1537 1256 1592 ad

195 1629 321 1672 staturam
333 1639 386 1674 ruer
397 1624 510 1696 quiaque
521 1625 637 1678 heroine
646 1623 752 1696 optavit.

229 1716 357 1782 Quamvis
368 1739 383 1772 a
395 1721 530 1792 proposito
537 1725 592 1795 jam
604 1721 708 1792 longius
722 1719 830 1792 diqreeri
838 1759 846 1786 ,
855 1737 939 1790 pauca
952 1731 1038 1772 tamen
1050 1717 1084 1771 de
1096 1719 1189 1771 Italico
1203 1718 1259 1770 imi·

195 1808 296 1866 tatore,
314 1803 383 1857 bona
404 1805 509 1858 lectoria
528 1806 620 1868 venia,
640 1805 752 1858 libenter
774 1802 910 1858 addemus.
928 1803 1007 1856 lluuc
1029 1803 1110 1875 igitur
1131 1801 1260 1874 Torquati

194 1882 282 1937 locum
302 1887 424 1940 nonnulli
436 1887 669 1960 vituperaverunt,
683 1889 748 1942 vitio
762 1899 889 1943 vertentes
907 1887 1008 1941 auctori
1021 1887 1094 1958 quod
1107 1906 1189 1942 venor
1201 1907 1257 1961 epe.

196 1967 264 2035 eice,
274 1987 416 2042 corporum
430 1972 512 2026 inetur
525 1971 705 2035 adhibuisset,
716 1973 758 2024 rel
769 1975 819 2043 (ut
831 1971 888 2044 ipra
899 1969 1031 2042 Torquati
1040 1971 1119 2024 rerba
1133 1969 1159 2021 in
1172 1970 1260 2042 iprum

196 2055 383 2124 retorqueam)
396 2053 468 2127 quod
482 2057 521 2108 dte
532 2075 604 2124 corpo
617 2073 635 2106 a
648 2057 689 2107 cti
701 2075 751 2108 non
765 2059 877 2117 I'ebbe,e
890 2069 980 2124 tempre
989 2056 1088 2106 miserit
1106 2057 1151 2106 ebe
1168 2074 1261 2106 mercer

196 2155 246 2186 ror
258 2140 327 2188 lece:
337 2137 368 2191 iia
378 2157 474 2211 nempe
486 2138 640 2210 displicebat
656 2139 702 2191 illa
716 2157 807 2192 rerum
825 2138 911 2192 forma
921 2137 1067 2192 carentium
1081 2136 1186 2200 surum
1200 2157 1259 2211 qum

196 2228 284 2272 tamen
297 2221 422 2292 gravibus
436 2222 560 2294 exemplis
571 2234 656 2294 potest
669 2221 785 2276 delendi.
799 2221 891 2294 Neque
906 2221 1017 2274 miretur
1033 2220 1116 2274 lector
1132 2220 1204 2293 quod
1222 2221 1261 2273 illi

196 2301 256 2354 loco
267 2303 314 2368 ,in
326 2322 380 2376 quo
393 2308 553 2358 romanricum
572 2305 677 2364 dicendi
695 2325 777 2378 genoe
795 2297 1018 2376 deprehenditur,
1032 2323 1081 2358 noe
1092 2305 1261 2358 classicorum

197 2383 352 2456 scriptorum
365 2384 476 2442 editores
488 2425 496 2452 ,
507 2407 538 2442 ac
549 2387 662 2462 proinde
679 2392 783 2441 classico
797 2387 904 2442 dicendi
915 2387 1003 2460 generi
1016 2400 1145 2460 tanquam
1159 2388 1261 2462 proles·

197 2468 271 2522 eioue
289 2489 321 2524 ac
337 2482 398 2524 voto
410 2471 527 2541 addicti,
544 2473 707 2546 patrocinari
724 2491 779 2526 uon
796 2471 964 2526 dubitemne:
979 2491 1051 2526 nuuc
1063 2473 1150 2540 enim,
1167 2473 1263 2526 emim

197 2551 250 2623 ipsa
259 2551 321 2618 lite,
334 2555 455 2628 exempla
467 2568 570 2610 tantum
580 2556 738 2624 alleremue,
748 2575 807 2629 que
816 2556 919 2610 valeant
930 2555 964 2610 ad
975 2556 1151 2628 coguitionem
1161 2575 1261 2620 cauea,

197 2634 296 2689 neumis
308 2638 426 2709 partibus
438 2639 488 2712 ipei
501 2638 606 2712 publice
619 2639 743 2694 farentee.
758 2639 856 2693 Confer
868 2639 949 2712 igitur
961 2639 1034 2695 huno
1046 2639 1139 2696 Ovidii
1153 2641 1240 2694 locum
1252 2681 1260 2707 ,

198 2734 276 2788 quem
288 2719 378 2772 forsan
390 2721 426 2773 ob
439 2723 531 2776 oculor
542 2721 637 2775 habuit
646 2721 811 2793 Torquatum
820 2723 920 2776 Metam
934 2723 985 2790 lv,
998 2729 1066 2794 ⁴992

333 2847 448 2894 Attulerat
458 2843 537 2894 recum
548 2843 631 2908 liquldl
642 2859 736 2907 quoque
746 2854 850 2890 monstra
857 2844 953 2900 reuerti,

335 2921 387 2970 Oria
398 2920 508 2969 Cerberei
517 2935 624 2982 spumae,
633 2929 657 2965 et
665 2919 728 2964 riror
737 2919 860 2974 Echidnae,

288 3041 290 3050 ,
337 2997 480 3058 Erroreeque
491 3009 575 3057 regor,
588 3009 700 3055 uncaque
709 2993 795 3040 obllrla
806 2994 904 3048 mentia,

337 3075 368 3120 Et
377 3073 464 3125 acelue,
476 3081 500 3119 et
508 3072 637 3128 lacrymae,
646 3069 791 3130 rabiemque,
804 3078 829 3115 et
839 3067 907 3116 cadis
918 3082 1036 3122 amorem

336 3149 419 3196 Omnia
432 3146 487 3194 trita
498 3146 579 3202 timul,
588 3160 639 3206 qua
650 3144 764 3206 unguine
773 3143 841 3191 mietr
850 3144 941 3192 recenti

338 3223 439 3271 (luxerat
450 3237 494 3270 ere
505 3237 576 3277 caro,
591 3219 661 3267 viridi
671 3228 760 3267 ror-eata
772 3220 855 3266 cicuta.

199 3361 268 3414 ilinc
281 3363 363 3413 omniu
374 3363 432 3412 trita
442 3363 526 3422 simut,
538 3357 610 3411 illinc
616 3359 678 3428 sure
690 3359 728 3408 rai
736 3375 793 3408 cose
804 3369 875 3417 roem,
888 3365 950 3408 eunt
962 3371 1069 3426 proreue
1086 3353 1188 3408 eimilia.
1199 3356 1261 3408 Ovi·

199 3444 245 3497 dio
255 3443 355 3498 accedit
365 3441 491 3514 Virgilius
504 3441 658 3494 auctoritate
668 3439 781 3512 graviori
790 3457 798 3503 ς
809 3441 869 3492 AEn.
879 3439 965 3505 vttt,
978 3445 1028 3506 4²9
1039 3454 1046 3489 :

337 3579 394 3626 Tree
404 3576 486 3625 imbria
497 3575 553 3624 torti
563 3575 655 3631 radice,
666 3585 713 3622 trea
724 3575 792 3622 noble
804 3588 896 3636 equora

337 3653 495 3708 Addiderunt,
510 3650 575 3698 rutili
586 3660 633 3697 tres
644 3649 706 3712 ignia
717 3659 741 3697 et
751 3648 812 3696 alltir
822 3647 903 3695 autri.

338 3729 450 3791 Fulgoree
460 3743 523 3776 nunc
534 3726 663 3780 terrificos,
675 3724 838 3786 sonitumque,
849 3732 996 3784 metumque,

337 3803 468 3852 Mheebaut
481 3803 561 3866 operi,
577 3800 723 3862 flemmirque
733 3798 872 3861 requreibue
882 3798 937 3844 irre.

201 3941 331 3998 Audacior
339 3943 483 4015 Virgilius,
498 3961 539 3996 rer
551 3939 697 3997 admodum
708 3937 847 3993 dieeimilee
858 3955 909 3992 una
925 3901 1094 4000 commiecet,
1105 3933 1168 3986 aliae
1182 3931 1263 3986 eenri-

201 4028 250 4080 bue
268 4027 416 4098 eubjeetae,
436 4025 528 4098 quales
539 4027 619 4078 nates
634 4026 733 4086 radios,
741 4025 879 4094 stammas,
899 4033 949 4076 etc.
967 4019 1031 4074 aliae
1049 4037 1112 4074 vero
1131 4017 1222 4070 inanes
1238 4025 1265 4066 et

202 4110 381 4184 incorporeas,
391 4110 482 4182 quales
491 4125 579 4162 metum
589 4122 615 4163 et
626 4111 683 4174 iras.
