3002 4680
434 370 562 437 novl
591 365 837 431 nnr'ronrs
868 365 1020 434 norm.
1216 395 1257 459 79

198 487 345 560 significet,
359 503 456 558 equum
475 484 610 538 effrenato
626 482 723 554 impetu
740 481 828 535 efferri
839 521 847 548 ,
857 483 1025 553 quantumvis
1035 484 1160 537 renitatur
1170 503 1259 557 eques.

199 571 241 626 sic
251 571 343 642 virgil.
353 574 411 624 AEn.
421 571 459 636 V,
473 573 538 632 rii:

355 693 409 738 Non
420 699 467 736 tum
478 689 602 752 precipites
612 687 694 750 bijugo
705 687 830 734 certumine
840 701 948 748 rumpunt

355 765 506 826 Corripuere,
515 773 636 826 ruuntque
646 762 716 809 essuri
728 777 821 810 caruem
830 779 921 809 eumne.

201 889 235 943 Et
244 887 339 961 Geotg.
353 890 409 952 111,
424 891 488 944 236:
501 907 681 962 «princepsque
696 887 835 960 obliquum
850 889 936 940 fertur
948 887 975 941 in
989 889 1089 940 hortem
1103 913 1125 940 n.
1139 891 1261 941 Adversus

201 986 286 1023 eonon
301 983 341 1026 eet
355 973 428 1027 hoste
445 973 473 1026 in
491 991 572 1044 quam
590 971 699 1026 Onchea
718 990 781 1024 eune
798 971 919 1044 impingit
936 990 1027 1044 equue.
1045 976 1143 1040 Impulit
1160 977 1263 1024 adverso

202 1071 273 1107 conto
299 1067 339 1109 eet
359 1076 407 1127 pro
429 1059 522 1126 impulit
540 1060 564 1110 in
585 1061 712 1108 adversum
733 1070 837 1109 contum.
856 1055 1024 1108 Burmannus
1042 1065 1116 1126 putat
1136 1053 1263 1120 Oncheu,

203 1155 285 1208 quum
300 1139 402 1193 hactum
421 1141 450 1193 in
466 1141 569 1194 hortem
587 1152 739 1213 protensam
755 1151 873 1201 teneret,
893 1157 961 1210 equo
981 1138 1102 1201 lubente,
1116 1139 1144 1190 in
1168 1149 1263 1192 terram

204 1219 314 1274 effundi.
328 1222 399 1275 Tum
412 1241 473 1276 vero
489 1223 552 1296 quid
565 1223 712 1295 significant
726 1221 874 1294 sequentia,
888 1237 954 1273 rome
962 1226 1051 1290 procui
1062 1225 1146 1274 ultim
1162 1226 1265 1291 cuspis?

203 1301 327 1357 Praetereo
343 1305 446 1376 longior
457 1318 496 1359 est
508 1308 581 1360 hosta
592 1325 651 1378 qum
663 1319 774 1359 vocatur
786 1319 887 1367 connis,
898 1323 979 1378 quum
994 1318 1021 1359 ut
1030 1305 1156 1359 Oncheue
1167 1305 1265 1360 cudens

203 1387 312 1458 propriu
326 1389 432 1460 cuspide
445 1409 474 1443 ee
486 1389 588 1442 indunt.
599 1421 633 1430 -
647 1395 678 1441 In
695 1394 760 1441 lutus
778 1392 875 1442 aceedit
890 1392 994 1457 suuper.
1004 1389 1065 1442 Haee
1079 1389 1156 1441 verba
1170 1388 1265 1444 docent

204 1487 300 1542 eqimm
315 1472 350 1524 ub
361 1471 442 1527 lutere
458 1475 488 1527 in
500 1474 597 1527 serrum
611 1473 746 1527 incurrere
755 1511 763 1535 ,
772 1472 845 1545 quod
860 1483 885 1525 et
896 1473 982 1544 ipsum
992 1484 1017 1525 et
1027 1472 1143 1544 equitem
1154 1475 1266 1527 nancto-

205 1552 250 1607 dic
275 1556 377 1611 Auctor
398 1577 495 1630 eupru,
513 1577 539 1610 v.
563 1565 631 1624 244,
653 1576 714 1610 utus
734 1567 772 1610 est
794 1557 875 1608 verbo
899 1559 1042 1617 descendit,
1066 1574 1120 1627 quo
1141 1557 1266 1629 ponderis

204 1637 360 1706 gravitatem
382 1641 555 1712 exprimeret:
571 1643 667 1693 accedit
682 1651 773 1694 coutru
794 1639 892 1692 indicat
911 1657 1023 1710 equum,
1044 1638 1107 1692 dum
1130 1641 1266 1712 procedit,

204 1717 291 1790 ipeum
307 1740 336 1775 ee
355 1740 386 1774 ue
403 1710 510 1795 proprio
530 1724 629 1796 impetu
648 1723 743 1776 lancem
765 1721 875 1796 cuspide
892 1722 1016 1784 induere,
1034 1742 1114 1795 quum
1127 1723 1210 1776 hostie
1230 1726 1267 1778 nit

205 1802 276 1858 uliud
297 1823 376 1877 quum
398 1817 548 1880 protensam
567 1818 652 1872 tenet,
675 1805 898 1878 quemadmodum
922 1824 1032 1878 auceps,
1053 1805 1087 1858 de
1106 1825 1160 1877 quo
1178 1807 1265 1861 stetim

206 1887 289 1952 infru,
309 1889 347 1942 nil
367 1888 439 1942 uliud
458 1908 538 1960 quam
560 1889 670 1963 porrigit
691 1888 852 1943 arundinum
871 1888 1008 1955 ordinem,
1028 1908 1141 1961 quorum
1164 1910 1266 1945 summa

206 1971 278 2026 ricco
292 1972 356 2026 illitu
374 1987 420 2026 eet.
436 1975 494 2038 Itu,
512 1993 574 2028 cum
585 1973 668 2046 priori
681 1975 800 2028 membro
812 1973 926 2026 coheret
938 1973 983 2026 illu
994 1974 1172 2046 comparatio,
1186 1993 1266 2047 quam

207 2053 266 2110 ideo
279 2056 448 2129 reprehendit
457 2059 628 2130 Wagnerue‚
641 2057 712 2131 quod
723 2056 796 2130 prius
807 2057 957 2111 membrum
971 2075 1046 2110 cecus
1059 2077 1089 2111 uc
1104 2077 1152 2112 nou
1165 2059 1267 2112 intelle·

209 2153 289 2195 xerut.
301 2141 389 2195 Hostis
405 2154 513 2197 contum
533 2155 683 2216 porrectum
704 2158 795 2197 tenens
812 2153 979 2214 comparatur
996 2143 1090 2214 aucupi
1109 2144 1269 2198 substructis

208 2225 350 2279 arundines
364 2227 521 2298 porrigenti3
544 2227 669 2282 Oncheus
689 2247 750 2281 cum
771 2245 839 2300 equo
857 2228 884 2279 in
899 2227 980 2280 hustae
999 2227 1098 2280 icrrum
1117 2247 1144 2282 ee
1162 2229 1268 2281 immer-

208 2309 451 2381 gene,ei1nilieest
470 2311 512 2364 uvi
529 2330 588 2384 qum
608 2311 748 2383 corripitur
763 2311 845 2365 visco.
868 2310 992 2364 Praeterea
1007 2315 1078 2380 (non
1097 2311 1167 2364 enim
1189 2313 1269 2366 timeo

209 2411 243 2444 ne
256 2392 347 2446 cimilia
359 2393 488 2447 curiosius
500 2395 628 2467 oucnpuri
640 2393 730 2448 videor
743 2395 770 2448 in
785 2395 836 2448 huc
851 2395 1061 2466 comparatione,
1075 2413 1133 2467 quae
1147 2396 1269 2449 similitu-

210 2475 272 2530 dine
284 2496 373 2532 ourere
394 2479 460 2533 fuleo
477 2479 575 2533 creditu
594 2480 648 2550 tit)
659 2479 722 2533 hinc
740 2479 834 2533 lancee
853 2479 968 2544 ferrum,
988 2477 1060 2531 illinc
1080 2479 1183 2533 arundo
1199 2481 1270 2533 ricco

210 2558 293 2626 illitu,
312 2560 374 2613 hinc
403 2561 495 2616 huctile
518 2563 588 2616 ferro
612 2574 750 2635 optutum,
775 2562 847 2616 illino
870 2561 1013 2616 arundines
1032 2563 1196 2626 substructa,
1219 2564 1269 2619 eibi

210 2639 323 2696 invitem
345 2642 515 2714 respondent.
530 2651 648 2697 -Iiorat
664 2651 753 2715 procui
772 2651 857 2698 ultima
880 2649 966 2714 crispis.
987 2645 1047 2699 Post
1071 2663 1138 2698 rorat
1157 2647 1269 2702 subaudi

209 2730 343 2794 sangnine,
355 2727 400 2798 qui
413 2728 568 2801 exprimitur
581 2729 632 2781 hoo
642 2729 742 2782 Valerii
753 2728 829 2793 loco,
841 2730 877 2793 V,
891 2731 922 2800 75
935 2747 942 2780 :

368 2888 686 2912 .....................
703 2855 738 2901 hie
747 2857 848 2902 Bacchus
859 2857 883 2901 in
894 2856 964 2902 undit

364 2929 501 2976 Atlanteo
511 2939 612 2976 rorantes
623 2931 738 2992 sanguim
747 2931 845 2990 thymoe.

211 3065 243 3116 Τὸ
257 3077 337 3110 neum
351 3062 441 3110 umbroe
459 3055 647 3129 significantius
667 3068 705 3110 est
718 3075 796 3129 quum
817 3060 910 3108 imbra.
924 3059 1059 3117 Fidentem,
1080 3059 1191 3111 merito:
1205 3058 1269 3129 qnid

212 3143 280 3198 euim
293 3143 402 3218 periculi
414 3143 527 3196 volucrit
541 3155 595 3194 tum
609 3140 691 3194 denuo
703 3159 839 3193 rumorum
850 3140 925 3211 quusi
939 3139 1020 3194 textili
1032 3140 1189 3194 circumfusa
1203 3143 1271 3215 cogi-

211 3228 296 3280 taret?
308 3259 343 3270 -
353 3231 392 3279 Ab
411 3246 468 3279 uere
487 3229 556 3279 rami.
575 3226 617 3280 Sic
628 3227 724 3297 Virgit.
743 3224 836 3295 Georg.
853 3225 900 3288 11,
915 3225 979 3278 123:

369 3391 529 3406 ...........
532 3403 536 3420 ¹
548 3358 588 3404 ubi
599 3373 652 3402 nera
663 3357 754 3404 vincere
765 3372 881 3403 nummum

368 3435 463 3481 Arboris
474 3433 537 3480 hund
549 3433 602 3480 ullu
611 3435 676 3494 jectu
684 3441 783 3494 potuere
794 3431 890 3492 sagitte.

247 3579 282 3630 V.
296 3577 354 3631 265.
369 3584 439 3630 Parte
451 3582 503 3631 aiio
517 3579 610 3646 infestis
621 3578 760 3642 (namfors
772 3579 807 3627 ita
813 3578 921 3644 junxit)
934 3577 958 3625 in
973 3577 1047 3626 annis

369 3663 443 3712 Stirus
457 3665 543 3722 adest,
562 3665 680 3726 latusque
695 3661 773 3711 vuum
791 3659 918 3728 cognoscit
931 3661 1058 3718 Anausin,

369 3749 402 3796 Et
416 3747 492 3812 pn‘or.

215 3873 340 3934 drumm,
356 3873 500 3927 Alanorum
522 3885 548 3925 et
569 3870 766 3924 Heniochorum
787 3887 845 3933 rex,
874 3867 973 3922 Medea
992 3867 1152 3921 connubium
1177 3867 1272 3920 frustra

212 3957 358 4029 petiveram
372 3974 432 4030 queo
444 3955 552 4030 quidem
566 3953 648 4019 stim,
664 3954 826 4007 Albanorum
842 3954 915 4026 regi,
928 3951 1056 4026 desponsa
1075 3952 1170 4004 fuerat.
1190 3950 1274 4002 Miror

213 4041 280 4095 nulii
301 4041 430 4096 editorum
448 4041 475 4094 in
495 4053 610 4094 mentem
620 4037 722 4092 veniere
734 4038 820 4110 legere
833 4041 949 4089 Anausis.
966 4035 1059 4089 Oratio
1075 4035 1145 4088 euim
1163 4051 1274 4105 sequens

212 4125 327 4190 Monoi,
342 4143 397 4179 nou
411 4124 495 4192 Stiro,
508 4123 637 4178 convenit.
655 4121 783 4176 Prutercu
797 4119 914 4186 Stirnm,
929 4132 1005 4191 pactu
1020 4117 1127 4185 Medea,
1138 4118 1190 4170 voti
1205 4134 1275 4168 com-
