3002 4680
430 331 828 412 ARGONAUTICON
861 346 947 411 LlB.
971 349 1033 412 Vl.
1220 351 1257 415 31

235 483 399 574 Opprimit
410 480 557 546 admissis
571 479 660 544 ierus
672 478 762 544 bunc
774 477 939 545 Gesander
951 477 1095 545 habenis.

235 587 293 666 Ille
310 619 444 662 manum
461 593 626 685 trepidans
641 609 740 682 atque
757 591 846 658 irrita
862 615 950 658 sacra
968 592 1125 660 tetendit:

236 743 250 770 s
260 715 373 801 Teque
388 732 447 800 per
459 709 561 792 hanc,
574 709 698 798 inquit,
712 708 840 798 genitor
852 709 912 774 tibi
925 708 953 774 si
964 726 1090 792 manet,
1102 732 1162 775 oro
1224 729 1261 770 ³0⁵

234 825 412 908 Canitiem,
426 843 594 913 compesce
608 823 731 905 minas,
744 837 777 887 et
792 821 897 888 sicubi
912 839 989 888 nsto

236 941 335 1005 Psrce
348 961 424 1004 meo
434 968 458 1004 ι.
470 938 575 1024 Dixit;
587 953 703 1004 cenna
713 937 758 1002 sic
771 937 877 1004 victor
891 937 1005 1004 adacto

235 1055 321 1120 Ense
337 1054 453 1120 refers:
467 1051 645 1135 «Genitor,
661 1053 748 1142 turpi
765 1051 883 1118 durare
896 1069 1024 1120 senecta

236 1170 343 1252 Quem
358 1169 438 1232 mihi
451 1168 530 1232 reris
543 1167 671 1250 adhuc,
683 1165 751 1255 ipse
764 1167 825 1232 hac
839 1165 1034 1232 occumbere
1046 1165 1158 1237 dextre

236 1281 369 1365 Maluit,
386 1297 484 1370 atque
499 1279 588 1346 ultro
606 1301 721 1370 segnes
737 1280 932 1370 abrumpere
949 1293 1060 1346 metas.
1225 1302 1263 1342 sm

233 1397 276 1460 Et
289 1395 349 1460 tibi
362 1395 389 1460 si
400 1395 501 1484 pietas
515 1395 601 1476 uati,
618 1394 645 1458 si
659 1392 770 1458 dextra
786 1395 918 1476 fuisset,

233 1508 330 1574 Haud
339 1507 440 1574 medii
451 1507 600 1598 precibus
614 1524 734 1573 tereres
748 1529 839 1572 nunc
853 1523 1001 1596 tempora
1016 1509 1109 1592 belli,

234 1623 345 1688 Praeda
363 1625 472 1689 future
489 1645 619 1694 canum.
638 1621 756 1686 iuveni
774 1642 843 1686 sors
859 1622 1004 1712 pulcrior
1020 1623 1130 1704 omni,

228 1737 280 1800 -Et
292 1751 415 1802 certare
429 1759 528 1801 manu
542 1735 654 1818 decet,
668 1750 701 1802 et
713 1735 852 1800 caruisse
867 1735 1016 1826 sepulcro
1025 1765 1049 1802 n.

225 1938 278 1988 305.
290 1938 395 1993 ¹Genitor,
411 1939 493 2000 inquit.
503 1936 579 1986 Vstie.
591 1939 682 1984 bonon¹
698 1935 767 1982 codd
783 1945 807 1982 et
822 1933 876 1981 edd.
893 1941 947 1980 sate
966 1933 1031 1980 Csrr.
1052 1959 1083 1970 —
1101 1933 1154 1990 314.
1168 1935 1197 1982 Et
1213 1951 1261 1983 cer·

193 2029 261 2066 tasse.
278 2017 355 2064 Vstic.
366 2016 457 2064 Βουοιι.
470 2015 542 2063 codd.
553 2025 577 2064 et
592 2015 646 2063 edd.
666 2024 721 2062 snte
741 2013 806 2062 Cstr.
824 2015 898 2075 Quem
914 2021 1020 2058 certasse.
1035 2012 1089 2060 Ald.
1101 2013 1145 2060 En.

193 2225 333 2285 utramque
342 2225 367 2266 et
378 2211 543 2286 popularium
554 2223 580 2264 et
589 2209 705 2264 bostium
741 2209 848 2278 ficisset,
860 2207 882 2262 si
895 2207 986 2262 dextra
996 2207 1044 2261 lilii
1055 2207 1099 2282 pia
1112 2211 1262 2282 exstitisset,

193 2293 275 2346 aciem
291 2291 399 2362 (hostes
411 2293 481 2345 enim
494 2311 550 2345 uon
564 2289 705 2345 excluden·
749 2289 869 2342 officium
888 2289 993 2342 fecisset
1005 2327 1013 2354 ,
1026 2293 1096 2342 sarad
1103 2293 1213 2360 precibus
1232 2309 1266 2346 te·

193 2371 242 2426 dos
250 2369 305 2426 'esse
315 2371 407 2426 suadet
417 2371 567 2445 precedens
579 2373 704 2442 impune),
750 2387 830 2431 teres,
848 2368 976 2421 inutiliter
994 2387 1180 2436 consumeres,
1192 2376 1266 2425 medii

192 2451 277 2503 irenam
287 2465 417 2520 peragrat.
750 2463 860 2518 tempora
872 2451 939 2510 belli,
953 2449 999 2501 ubi
1009 2449 1199 2521 pugnandum,
1210 2471 1264 2506 non

231 2531 290 2584 303.
303 2533 433 2598 opprimit,
446 2524 602 2601 improvisus
614 2525 704 2592 adest,
749 2525 915 2602 precandum
939 2539 996 2591 est,
1012 2533 1100 2598 preda
1111 2530 1198 2599 fissore
1218 2549 1264 2583 ce·

187 2610 261 2678 serris
271 2613 400 2661 Gesander
408 2608 706 2672 adisissis,laxatis,lra·
750 2628 818 2661 nuru.
839 2607 994 2662 Sarcesmus
1016 2608 1109 2678 priscis
1129 2608 1263 2674 solennis,

193 2691 270 2741 benis.
288 2687 332 2741 sio
351 2687 431 2740 Ovid.
453 2687 561 2740 Metam.
583 2687 613 2752 1,
635 2685 706 2748 532,
749 2688 791 2740 vel
810 2707 840 2740 ex
859 2686 975 2740 Homero
994 2699 1086 2751 notus,
1099 2687 1170 2760 apud
1184 2708 1264 2761 quem

193 2772 301 2819 adfuisse
320 2787 416 2834 passm·
437 2765 489 2818 Tit.
503 2766 563 2819 Liv.
586 2766 632 2830 11,
657 2782 706 2833 19,
749 2767 878 2832 omuino,
892 2766 929 2817 uti
941 2767 989 2819 cel.
1001 2769 1077 2840 cujus
1088 2767 1178 2822 farore
1191 2769 1264 2822 letor

193 2867 280 2914 equum
300 2849 444 2905 admittam
459 2843 566 2907 Noster,
576 2843 615 2911 V,
637 2845 706 2914 5873
752 2849 855 2906 Gurlitt,
870 2842 1050 2900 Animadvers.
1062 2865 1133 2917 spec.
1144 2848 1172 2913 1,
1181 2849 1263 2920 pet,

194 2921 277 2990 VIII,
292 2925 358 2993 139:
373 2911 484 2974 immissis
498 2924 610 2975 habenis.
750 2925 889 2990 observat,
903 2923 996 2976 heroes
1011 2923 1131 2994 antiqui,
1150 2925 1171 2976 si
1189 2946 1263 2977 nrum

230 3001 288 3066 304.
298 3006 345 3054 Ille
359 3004 428 3053 irrisa
444 3020 533 3064 sacra,
554 2999 648 3064 vittas,
664 2999 706 3053 vel
750 3007 829 3055 Iocum
839 3003 985 3074 exceperis,
998 3003 1091 3056 acerbe
1101 3001 1212 3057 illudere
1220 3023 1263 3058 oc-

194 3081 283 3146 aliud,
296 3079 371 3154 quod
389 3080 509 3134 manibus
529 3091 648 3148 teneret,
667 3097 707 3132 sa·
751 3081 810 3138 tisis
823 3072 918 3136 solent.

193 3161 303 3215 cerdotii
325 3161 447 3234 insigne,
471 3165 586 3222 tetendit,
614 3175 638 3212 et
661 3167 708 3212 Per
787 3164 848 3217 313.
861 3163 948 3214 Jrsverst'
965 3178 1017 3210 sors
1031 3161 1159 3230 pulchrior
1181 3164 1264 3226 omni,-

192 3245 272 3303 hnnc,
294 3243 386 3310 inquit,
404 3243 516 3292 canitiem
535 3261 578 3292 oro
584 3279 593 3302 ,
606 3244 705 3310 genitor
750 3247 782 3293 Et
791 3257 882 3295 certare
893 3257 969 3292 mersu
979 3242 1059 3300 decet,
1071 3253 1096 3291 et
1104 3243 1212 3293 camino
1222 3262 1263 3294 se·

192 3322 235 3371 sibi
246 3322 269 3370 si
280 3333 375 3382 manet,
390 3319 410 3371 si
425 3332 501 3391 pater
513 3318 560 3371 tibi
573 3317 660 3372 sdhuo
678 3317 704 3372 iu
744 3325 841 3391 pulcro.
857 3321 993 3374 Obscurus
1014 3318 1088 3371 locus
1111 3319 1264 3376 Burmanno

193 3397 259 3451 rivis
269 3411 323 3462 est,
339 3417 464 3466 eornpesee
481 3401 577 3459 minas,
596 3399 707 3449 ossiculi
750 3401 835 3466 risus,
849 3399 921 3474 quod
937 3397 1008 3450 idem
1025 3408 1051 3451 et
1069 3398 1136 3452 mihi
1154 3399 1262 3455 accidit.

194 3475 281 3547 (adde
292 3479 404 3528 incideris
414 3478 424 3544 )
434 3489 493 3528 nato
502 3497 580 3544 parre
588 3496 651 3530 meo.
748 3479 931 3532 Burmannum
943 3475 1088 3530 oflendunt
1104 3476 1204 3550 priora:
1217 3482 1262 3550 ju-

231 3557 289 3626 307.
317 3559 406 3608 Contra
427 3558 463 3607 sie
483 3559 567 3608 victor
589 3569 706 3610 armatus
749 3562 805 3610 veni
812 3559 893 3618 cinni,
905 3575 963 3628 qun
976 3568 1063 3609 tasneu
1073 3556 1111 3611 sic
1121 3559 1183 3611 satis
1195 3561 1264 3614 bene

194 3635 289 3688 inermi
301 3633 458 3706 respondet:
479 3659 492 3679 ι
506 3637 619 3696 Genitor,
635 3655 705 3702 quem
749 3638 874 3710 explices:
885 3639 1011 3708 juvenum
1023 3638 1211 3692 morsomnino
1221 3641 1263 3693 les·

194 3717 259 3782 turpi
281 3728 380 3766 senecta
407 3717 511 3775 durare,
539 3714 706 3786 superstitem
750 3717 800 3770 tior
808 3728 834 3770 et
844 3715 925 3785 magis
937 3712 1042 3766 decora.
1058 3715 1114 3786 Ego
1127 3735 1189 3770 vero
1200 3719 1263 3772 ulti-

194 3811 267 3860 esse,
277 3791 411 3865 opinaris,
424 3795 531 3862 ipseluw
542 3811 599 3844 mea
613 3811 707 3844 occum-
749 3811 793 3850 ma
807 3793 931 3870 expedire
944 3811 1000 3846 non
1016 3812 1136 3864 possum:
1154 3802 1264 3850 canense

194 3877 347 3924 beredextra
358 3875 456 3932 maluit,
465 3887 538 3940 atque
547 3875 705 3942 ultrosegrres
750 3881 874 3944 sepulcro,
891 3892 945 3946 quo
966 3871 986 3924 si
1009 3887 1118 3941 carent,
1132 3875 1202 3930 idem
1216 3897 1262 3950 pa-

195 3951 632 4024 airusrperemetas500ni.suprs,
646 3967 671 4002 s(
698 3988 706 4015 ,
751 3951 868 4016 tiunsur,
883 3951 955 4026 quod
971 3952 1108 4006 Gesander
1120 3956 1176 4008 seni
1186 3967 1263 4010 antea

196 4043 377 4100 nirpesmoras.
752 4029 1261 4102 minatur,utprrcdaiiantcsuum.Sed

235 4109 381 4163 311.Estibi
390 4112 494 4178 sipirtus
507 4113 575 4172 nati,
589 4114 610 4161 si
619 4113 707 4162 dextre
752 4127 800 4162 nec
821 4110 873 4162 hoc
893 4109 984 4164 durius
1005 4110 1139 4180 ridentur,
1158 4117 1178 4168 si
1195 4113 1260 4185 Scy·
