2958 4704
165 425 170 432 .
272 378 336 452 4¹4
650 373 952 438 CATALOGUS

268 498 405 573 [eroum
424 492 498 558 ride
512 495 608 558 etiarn
623 494 744 559 Meurs.
756 495 851 558 Thes.
867 519 936 584 cup.
954 495 1005 560 23.
1019 496 1060 559 Et
1074 495 1160 561 idern
1170 497 1337 574 Valerius,

270 605 326 669 lib.
337 605 377 683 V,
394 624 458 688 90,
476 601 714 691 expeditionem
727 603 889 682 Herculis,
905 603 1024 667 comite
1037 603 1181 682 Theseo,
1196 605 1230 666 in
1243 607 1340 669 Ama·

270 731 368 774 eonas
384 709 525 796 priorem
542 707 618 772 facit
632 709 866 798 Argonautica,
880 711 1026 796 quamvis
1040 731 1080 772 ex
1091 709 1206 773 Justini
1222 710 1279 774 lib.
1292 712 1338 788 ll,

270 819 309 896 A,
323 813 438 902 aliquis
456 813 667 901 posteriorem
680 829 791 900 posset
803 813 948 896 eredere,
962 815 1018 900 qui
1036 812 1116 878 dicit
1134 835 1252 878 novem
1270 815 1341 880 lon·

271 921 319 1010 gis
335 919 470 984 navibus
482 919 655 982 Herculem
669 919 866 1006 profectum,
883 938 986 1006 quum
1001 919 1054 982 alii
1070 919 1206 1007 primam
1223 942 1338 983 narem

272 1025 420 1091 bellicam
434 1028 522 1113 Argo
538 1039 699 1106 statuunt,
718 1039 755 1088 ut
771 1025 888 1112 passim
905 1025 999 1088 etiam
1018 1025 1174 1090 Valerius.
1192 1028 1241 1092 Dc
1258 1026 1342 1088 The·

271 1155 322 1196 seo
337 1133 426 1219 ipso,
445 1147 479 1194 et
496 1152 536 1193 an
556 1146 647 1219 pater
664 1129 801 1220 AEgeus,
819 1151 859 1194 an
878 1129 1052 1219 Neptunus
1068 1132 1182 1214 hierit,
1195 1130 1340 1220 denique

275 1236 316 1302 de
329 1238 398 1320 ejus
411 1253 479 1301 tota
492 1237 573 1318 rita,
587 1259 628 1300 ne
641 1253 749 1302 actum
762 1259 911 1326 agamus,
924 1237 965 1300 ad
979 1237 1142 1300 Plutarchi
1155 1237 1240 1301 inter
1252 1253 1342 1301 rete-

271 1369 340 1427 res,
360 1361 394 1408 et
408 1344 558 1426 Meursii,
575 1342 810 1432 diligentissimi
834 1345 919 1408 inter
940 1322 1134 1432 rec'cntiores
1156 1344 1338 1432 scriptoris,

270 1451 367 1516 vitam
376 1450 495 1514 Thesei
511 1449 705 1539 ablegamus.

316 1673 565 1740 THESSALUS.
591 1675 688 1737 Hun'c
711 1674 796 1737 inter
819 1674 1020 1762 Argonautas
1045 1673 1140 1738 video
1164 1675 1277 1762 reponi
1304 1676 1337 1737 in

272 1781 381 1846 indice
399 1779 551 1845 Munlreri
568 1780 600 1842 in
621 1779 806 1868 Hyginum3
823 1777 880 1843 sed
907 1801 1027 1845 errasse
1040 1777 1137 1844 credo
1152 1797 1340 1862 auctorem,

273 1909 375 1976 quum
393 1908 461 1950 non
480 1886 521 1948 sit
538 1907 657 1948 nomen
675 1886 861 1973 propn'nm,
881 1883 938 1949 sed
954 1885 1079 1973 patric,
1103 1907 1166 1973 qua
1178 1883 1339 1974 Polyphe-

272 2019 359 2074 mus,
386 1993 543 2058 Pirithous
566 2008 598 2056 et
619 1992 728 2080 plures
753 1992 804 2056 alii
827 1992 912 2056 inter
930 1993 1131 2082 Argonautas
1152 1998 1337 2058 censentur.

136 2187 139 2198 Δ
271 2103 387 2189 Neque
402 2098 571 2163 Thessalus
587 2099 656 2179 ille,
678 2098 734 2185 qui
756 2097 797 2161 ab
814 2097 964 2188 Hygino,
982 2121 1050 2186 cap.
1070 2097 1152 2180 225,
1178 2099 1337 2187 templum

271 2207 357 2271 loris
380 2203 538 2268 Dodonaei
566 2202 684 2267 dicitur
710 2205 870 2291 posuisse,
894 2207 1079 2293 Argonauta
1102 2203 1173 2268 fuit.
1196 2204 1344 2267 Thessali
1447 2269 1448 2274 ,

270 2333 348 2375 vero
366 2310 475 2398 plures
491 2309 523 2371 in
545 2308 687 2395 mythice
703 2307 836 2372 historia
854 2309 1077 2396 reperiuntur,
1092 2308 1156 2372 hoc
1171 2325 1337 2396 tamquam

270 2415 403 2506 proprio
420 2414 552 2478 nomine
569 2412 723 2500 insigniti.
748 2413 796 2476 lta
814 2413 960 2476 Herculis
978 2411 1097 2493 lilium,
1118 2429 1242 2502 patrem
1261 2413 1338 2476 Phi·

271 2521 352 2610 lippi
368 2537 399 2584 et
415 2519 566 2607 Antiphi,
588 2515 784 2582 Thessaliam
804 2535 899 2582 vocat
917 2516 1048 2607 Dictys,
1067 2519 1122 2584 lib.
1137 2520 1188 2599 ll,
1212 2541 1281 2608 cap.
1298 2524 1337 2599 ἧς

272 2627 328 2716 qui
346 2630 430 2692 forte
446 2623 533 2690 idem
553 2639 614 2704 est,
631 2642 729 2711 quern
746 2623 954 2701 Heracliden,
976 2639 1009 2690 et
1028 2647 1148 2688 nomen
1165 2625 1339 2689 Thessalite

273 2733 415 2812 dedisse,
430 2730 509 2796 dicit
528 2728 635 2794 Schol.
650 2729 798 2816 Apollon.
814 2731 882 2812 lll,
903 2729 1004 2816 1089,
1023 2747 1055 2794 et
1073 2725 1222 2820 Pindari,
1243 2730 1337 2794 Nem.
1448 2753 1449 2786 l

271 2840 327 2920 lV,
352 2841 413 2918 403
439 2833 496 2900 sed
514 2835 656 2922 illepost
673 2834 742 2898 haec
758 2835 1012 2921 temperarint,
1035 2833 1108 2898 ride
1127 2833 1276 2900 Munher.
1294 2835 1336 2899 ad

270 2945 388 3036 llygin.
406 2943 469 3007 lah.
487 2963 542 3029 97.
562 2937 712 3005 AEmonis
729 2938 831 3003 lilium
848 2938 1033 3006 Thessalum
1045 2941 1229 3030 Stephanus
1241 2957 1336 3005 vocet

270 3054 303 3116 in
321 3061 443 3132 otperto,
457 3065 490 3113 et
506 3048 584 3112 alios
602 3047 701 3110 habet
714 3046 778 3110 hoc
794 3047 927 3110 nomine
945 3047 977 3109 in
998 3058 1084 3128 copto
1107 3063 1139 3112 et
1156 3044 1251 3127 ipos·
1263 3043 1337 3111 ride

270 3175 302 3223 et
320 3179 393 3245 quae
411 3156 595 3220 notavimus
611 3153 651 3216 ad
671 3152 777 3217 Ovidii
794 3153 883 3235 lbin,
907 3175 953 3217 vs.
968 3151 1041 3217 285.

274 3385 276 3392 ’
314 3381 528 3458 THESTOR,
545 3378 684 3440 Idmonis
699 3375 800 3456 filius,
819 3399 835 3439 a
851 3378 941 3440 nullo
957 3375 1091 3465 quidem
1107 3378 1264 3466 scriptore
1277 3380 1336 3441 hr-

271 3487 468 3577 gonauticon
492 3499 707 3563 memoratus3
729 3483 786 3547 scd
810 3485 1002 3548 scholiastes
1024 3485 1206 3572 Apollonii,
1228 3485 1284 3549 lib.
1302 3487 1335 3564 l,

275 3595 358 3680 239,
383 3591 460 3656 dicit
477 3589 636 3678 quosdam·
659 3588 851 3664 credidisse,
870 3591 961 3655 illurn
981 3592 1143 3680 navigasse
1161 3611 1237 3655 cum
1255 3591 1336 3670 illis,

243 3703 248 3713 “
273 3699 331 3765 sed
344 3698 476 3786 proprio
491 3695 624 3758 nomine
640 3709 766 3758 mutato
782 3695 815 3757 in
828 3693 979 3790 ldmona,
997 3696 1041 3759 ob
1058 3695 1205 3783 peritiam
1223 3695 1335 3758 ratici-

273 3803 389 3884 nandi;
408 3801 482 3866 ride
504 3803 536 3863 in
558 3801 695 3863 Idmone.
720 3799 797 3879 Ejus
820 3799 881 3864 filia
900 3801 1042 3863 Theonoe
1062 3815 1164 3888 nupta
1183 3801 1333 3880 Adoreo,

272 3913 328 3976 ubi
349 3909 431 3974 ride.
450 3907 551 3972 Filius
570 3907 638 3986 ejus
655 3906 883 3971 celeberrimus
903 3905 961 3971 ille'
978 3907 1010 3969 in
1034 3906 1239 3994 expeditione
1253 3907 1334 3970 Tro·

269 4023 342 4102 jana
372 4034 460 4082 vates
493 4013 629 4080 Cautes
661 4013 745 4094 luit,
793 4015 848 4101 qui
885 4013 961 4077 inde
992 4013 1108 4102 passim
1143 4013 1335 4078 Thestor-tias

272 4127 400 4192 dicitur.
