3006 4676
233 343 298 409 236
378 343 465 408 PlO
495 342 750 423 AUCTORE,
772 341 1149 408 SUPPLEMENTA

272 476 421 542 Desiceat
436 476 507 540 laevi
519 475 663 542 rorantia
681 475 803 540 lumina
819 478 933 565 peplo,

77 664 86 689 Ι
163 658 170 674 ,
273 593 387 657 Donec
401 591 580 657 Iolchiacus
595 589 768 656 deflentem
783 592 914 656 sustulit
930 592 1045 666 heros,

272 708 314 772 Et
330 707 484 788 juvenem
506 706 679 771 comitatus
703 728 811 790 amor;
829 706 965 772 suadere
982 707 1119 772 salutem

268 821 453 910 Incipiunt,
480 819 665 910 blandoque
682 822 792 886 levant
808 843 959 886 sermone
973 835 1167 911 gementem.
1259 851 1268 877 2

316 937 391 1001 Non
411 937 496 1002 Iovis
517 959 654 1002 uxorem
670 938 835 1002 latuerunt
847 938 905 1001 ista
918 960 925 1001 :
940 934 999 1001 sed
1015 935 1075 1000 lris

271 1051 390 1116 Omma
405 1051 563 1141 praedixit.
579 1055 666 1118 luno
682 1051 922 1126 Thaumantida
938 1051 1055 1116 verbis

271 1164 401 1232 Talibus
417 1165 604 1254 alloquitur,
623 1189 684 1255 pro
701 1166 783 1230 caris
799 1167 892 1230 anxia
908 1166 1028 1232 Graiis:

271 1310 284 1335 «
294 1279 416 1346 Iabere
432 1280 576 1370 nympha
592 1267 689 1370 polo,
709 1281 895 1370 pernicibus
910 1282 1008 1346 incita
1023 1279 1156 1370 pennis,

269 1398 311 1462 Et
325 1418 438 1460 canam
456 1419 628 1486 properare
643 1397 762 1461 Thetin
781 1396 843 1460 suh
858 1412 969 1460 nostra
984 1393 1117 1458 marinis

239 1507 245 1518 ⁶
268 1511 366 1576 Tecta
382 1511 462 1590 jube
480 1511 610 1576 latebris
625 1511 818 1576 redeuntem
835 1525 868 1610 et
881 1509 1009 1600 gurgite
1022 1508 1063 1573 ab
1077 1509 1154 1576 imo.

270 1625 343 1689 Sola
360 1626 439 1690 meis
455 1626 610 1714 prodesse
628 1641 737 1714 potest
749 1625 866 1691 Nereia
882 1625 999 1690 nautis.

268 1741 391 1804 Rursus
415 1741 449 1805 in
472 1740 615 1829 aequorei
630 1739 779 1805 deilectas
799 1741 894 1804 litora
910 1739 1028 1828 ponti:
1137 1771 1139 1776 v

268 1853 395 1918 Haereat
406 1855 594 1945 Ignipotens
612 1855 728 1936 facito,
745 1853 802 1942 qui
820 1845 940 1920 incude
957 1875 1076 1918 sonora

267 1968 416 2034 Nudatos
430 1970 602 2050 humeros,
616 1985 794 2056 exertaque
810 1967 941 2034 brachia
958 1969 1058 2049 tollit,

271 2085 359 2148 Dum
380 2069 465 2149 cadit
483 2085 608 2148 alterno
628 2083 771 2148 vibratus
786 2084 920 2148 malleus
936 2083 1022 2166 ictu,

267 2195 403 2261 Ventosi
420 2214 546 2262 cessent
564 2197 674 2279 folles,
692 2196 772 2262 dum
788 2197 964 2262 transvolat
981 2201 1079 2287 Argo.

266 2313 423 2376 Praeterea
444 2312 672 2400 Hippotaden,
693 2313 798 2378 ventis
813 2313 871 2400 qui
889 2311 960 2392 jura
974 2311 1140 2401 superbis,

265 2427 308 2491 Et
322 2426 409 2515 leges
425 2427 569 2515 praebere
585 2428 682 2510 solet,
697 2428 781 2492 celer
796 2428 856 2492 Iris
870 2426 976 2507 adito,

265 2543 325 2606 Cui
342 2558 460 2606 nostras
476 2557 599 2631 retegas
616 2564 731 2606 arcana
745 2542 871 2607 silentia
890 2543 1009 2606 mentis
1023 2567 1033 2624 ;

265 2658 380 2722 Flabra
395 2680 493 2722 mone
511 2674 657 2738 cessent,
672 2657 792 2745 quibus
807 2679 880 2720 aere
898 2678 981 2744 saepe
996 2656 1108 2742 quieto

266 2771 433 2836 Flentibus
450 2773 586 2854 alterne,
609 2771 743 2836 tumidis
758 2773 838 2836 freta
853 2770 981 2835 concita
995 2781 1129 2858 surgant

266 2885 454 2966 Fluctibus,
473 2902 512 2970 ut
530 2885 634 2950 mollis
651 2886 750 2973 spiret
766 2885 845 2948 levis
865 2907 945 2948 aura
960 2885 1100 2964 Favoni,

266 3000 379 3063 Donec
395 2998 438 3063 ad
455 3000 629 3064 Alcinoum
646 3001 800 3080 veniant,
818 2998 1053 3087 Phaeacidaqus
1074 3021 1163 3063 oram
1176 3030 1198 3062 ν.

312 3114 489 3201 Postquam
506 3113 602 3178 effata
619 3112 678 3178 dea
692 3129 755 3195 est,
771 3136 902 3178 summo
911 3115 996 3178 volat
1010 3115 1070 3180 Iris
1081 3115 1243 3202 Olympo,
1259 3131 1296 3169 ³⁰0

266 3229 452 3294 Praeradens
472 3245 621 3298 tenerum
640 3228 806 3293 velocibus
824 3251 897 3292 aera
910 3229 1038 3316 pennis.

266 3345 374 3427 Quam
389 3345 463 3409 laeto
483 3343 663 3410 adstantem
683 3344 809 3433 gremio
829 3366 930 3433 vagus
946 3344 1066 3430 excipit
1081 3341 1189 3430 AEgon

265 3457 443 3522 Nereidum
464 3459 499 3522 in
520 3457 685 3538 thalamis,
705 3456 765 3522 ubi
778 3457 900 3524 blando
915 3459 1074 3546 compulit
1092 3458 1151 3521 lris
1219 3437 1224 3446 ¹

265 3572 317 3637 Ad
329 3569 496 3638 dominam
509 3595 659 3645 sermone
675 3572 793 3638 Thetin
807 3595 982 3662 properare
997 3570 1182 3644 verendam.

265 3685 448 3749 Vulcanum
466 3709 542 3752 mox
558 3703 642 3752 stare
658 3686 768 3770 jubet,
786 3689 1010 3778 Vulcaniaque
1027 3711 1124 3754 arma.
1257 3709 1292 3745 ³0⁵

265 3796 405 3863 AEoliam
420 3800 495 3865 dein
510 3822 620 3885 versa,
636 3825 768 3892 specum
782 3803 979 3891 penetravit,
994 3818 1026 3868 et
1042 3827 1135 3868 auras

265 3914 480 4004 Compressit,
500 3939 542 3981 ne
556 3916 688 3982 adversa
701 3935 803 3984 ratem
819 3920 865 3984 vis
881 3919 1007 3984 auferat
1020 3920 1109 3984 Euri.

267 4029 391 4093 interea
409 4031 553 4106 Nereum
568 4033 698 4116 Thetis,
720 4055 951 4121 aequpreasque
971 4055 1097 4098 sorores
