2958 4704
475 387 918 460 Annonaursann.
1164 403 1228 487 40⁷
1325 338 1327 344 Ι

161 515 270 584 Codro
294 515 567 605 comparandum,
592 511 682 604 quod
710 518 859 604 prostitit
884 517 988 582 Alcon
1014 523 1123 608 patrias
1151 538 1227 588 sure.

162 628 259 690 Gerte
278 623 435 704 Maserius
455 620 496 687 ad
514 624 619 688 Valer.
638 625 665 688 F
666 625 742 688 lace.
762 625 782 690 l.
801 625 820 689 l.
842 641 967 700 narrat,
986 627 1110 690 Alcona
1125 629 1229 694 fuisse

163 728 337 818 quemdam
356 729 603 794 Atheniensium
622 728 740 794 ducem
752 731 834 818 ,qui
854 753 911 795 sua
929 747 1033 796 morte
1049 735 1115 798 suis
1131 735 1229 800 vitam

165 836 323 918 restituit;
345 833 435 923 quod
459 833 547 900 unde
573 834 736 917 hauserit,
764 857 831 899 non
856 835 956 904 addit.
984 839 1032 903 De
1057 841 1231 907 Erechthei

165 935 292 1030 filiabus
310 952 397 1001 certe
415 951 572 1016 narratur,
589 935 656 1002 illas
674 958 708 1000 se
724 956 784 1025 pro
801 939 900 1025 patria
918 939 1131 1007 immolandas
1149 962 1231 1031 pras·

167 1042 291 1125 buisse;
308 1043 380 1106 ride
397 1043 463 1106 Cic.
472 1043 616 1123 T.,uscl
635 1044 693 1123 48,
718 1060 751 1106 et
767 1043 808 1106 de
824 1043 898 1108 Nat
917 1045 1012 1109 Deor.
1032 1049 1097 1123 ΙΙΙ,
1122 1069 1179 1134 19,
1201 1064 1234 1113 et
1293 1096 1298 1104 ·

168 1171 229 1236 pro
244 1147 358 1229 Sexto,
377 1171 435 1212 ar·
426 1148 573 1236 ,Hygin
598 1148 661 1212 tab.
683 1149 743 1226 46,
766 1166 798 1213 et
814 1151 904 1214 alios.
926 1152 1002 1215 Αιι
993 1174 1026 1215 ιιι
1045 1153 1142 1233 hujus
1159 1155 1233 1220 facti

170 1257 354 1320 societatem
370 1256 494 1320 venerit
509 1255 644 1336 irater,'
636 1279 761 1346 ignoro.
777 1259 942 1321 Conlusus
960 1279 1042 1346 sepe
1059 1259 1112 1324 hic
1129 1259 1235 1325 Alcon

169 1361 375 1426 Atheniensis
393 1385 469 1426 curn
486 1363 631 1426 Cretensi
647 1363 827 1452 sagittario,
850 1387 947 1451 quem
966 1365 1094 1430 Servius
1113 1366 1153 1429 ad
1167 1366 1236 1445 Vir-

170 1465 235 1558 gilii
251 1467 306 1530 l.·l.
324 1466 368 1532 ihi
385 1467 479 1531 innui
497 1469 608 1554 putat;
627 1484 748 1532 namet
766 1485 916 1532 nostrum
931 1471 1030 1533 luisse
1046 1472 1121 1534 artis
1137 1471 1235 1561 sagit·

171 1572 260 1636 tandi
279 1571 529 1660 peritissimum,
552 1589 686 1663 apparet
701 1597 739 1638 ex
757 1575 834 1658 illis,
854 1597 926 1662 quae
937 1575 1081 1640 Valerius
1099 1577 1127 1641 ei
1146 1578 1236 1640 attri-

172 1678 260 1759 buit,
278 1695 311 1742 et
324 1679 495 1756 Manilius,
511 1701 540 1744 r.
561 1701 639 1766 299:
820 1753 824 1760 ,

314 1821 385 1888 Quin
397 1821 475 1874 etiam
488 1821 532 1874 ille
548 1835 622 1895 pater
636 1823 681 1876 tali
695 1821 728 1876 de
743 1793 827 1877 sidere
837 1837 924 1876 cretus

314 1911 378 1964 Este
388 1921 488 1982 potest,
504 1911 550 1982 qui
562 1922 709 1982 serpentem
719 1927 798 1981 super
810 1929 857 1964 ora
870 1911 1009 1963 cubantem

315 1999 410 2052 luten:
425 1999 497 2061 nati,
508 2017 687 2070 somnumque
698 1997 865 2070 animamque
874 1998 1009 2051 bibentem

315 2087 444 2141 Sustinuit
456 2087 535 2141 misso
546 2100 651 2159 petere,
666 2099 691 2140 et
700 2099 865 2158 prosternere
874 2087 944 2153 telo,
960 2099 1009 2139 etc.

178 2223 243 2288 Ubi
260 2225 397 2316 Scaliger
412 2224 590 2306 videndus,
609 2227 664 2313 qui
680 2224 813 2290 adducit
832 2247 942 2290 versus
961 2223 1086 2291 Sidonii
1102 2224 1136 2286 in
1157 2241 1243 2286 eem-

178 2328 253 2396 dem
278 2353 364 2414 rem,
391 2330 432 2396 ad
457 2355 540 2421 quos
565 2331 637 2395 ride
663 2335 770 2396 Carm.
784 2332 825 2414 V,
853 2332 932 2412 154,
947 2328 1112 2395 Sirmondi
1133 2345 1243 2394 notas:

179 2460 278 2525 quere
295 2440 381 2516 forte
395 2439 540 2502 Valerius
558 2438 720 2503 Cretensis
739 2438 860 2502 lactum
882 2437 1071 2502 Atheniensi
1089 2434 1245 2500 attribue-

179 2543 231 2607 rit.
249 2543 437 2608 Eustathius
455 2544 626 2623 Alconem,
643 2543 781 2610 Pandori
804 2543 926 2625 lilium,
949 2541 1123 2608 Erechthei
1147 2561 1247 2630 nepo·

179 2664 264 2728 tem,
282 2650 376 2731 i'acit3
396 2647 469 2713 vide
485 2649 606 2713 Meurs.
625 2649 665 2714 de
682 2649 796 2740 Regib.
817 2650 936 2715 Athen.
956 2648 1012 2712 lib.
1033 2648 1083 2728 ll,
1106 2671 1176 2736 cap.
1193 2646 1244 2710 13.

181 2755 274 2818 Alius
289 2754 392 2817 Alcon
409 2753 554 2841 Myleus,
572 2755 687 2818 artifex
700 2755 866 2842 egregius,
888 2770 1087 2827 memoratus
1100 2753 1140 2816 ab
1152 2751 1246 2817 Ovid.

183 2860 261 2923 Mer.
275 2859 371 2939 ΙΙΙΙΙ,
385 2859 465 2943 683,
478 2860 559 2922 alius
569 2860 739 2947 Sicyonius
754 2861 833 2923 Stat.
844 2858 949 2924 Theb.
962 2861 1027 2940 IX,
1045 2881 1117 2938 aar,
1133 2858 1190 2924 ubi
1206 2857 1248 2920 de

184 2965 252 3030 aliis
269 2965 416 3030 Barthius
431 2965 601 3030 videndus.
628 2967 669 3030 Et
692 2983 811 3029 nomen
832 2965 912 3030 illud
935 2965 1030 3030 etiarn
1049 2963 1251 3052 temporibus

184 3070 418 3160 posterioribus
435 3072 588 3135 usitatum
610 3072 708 3136 inisse
725 3069 821 3134 docet
833 3071 936 3134 Alcon
951 3070 1150 3158 Saguntinus
1163 3068 1252 3157 apud

185 3178 258 3242 Liv.
271 3178 371 3257 xxt,
397 3199 453 3258 ιι,
478 3192 511 3240 et
529 3177 682 3265 chirurgo
700 3176 828 3242 cuidam
851 3177 884 3240 id
907 3176 1062 3264 imposuit
1081 3174 1252 3255 Martialis,

186 3283 253 3363 xl,
270 3281 323 3347 85.
339 3280 510 3370 Quidquid
527 3281 568 3345 sit
583 3280 624 3346 de
643 3281 765 3346 Alcone
785 3297 892 3369 patre,
915 3281 999 3345 filius
1013 3280 1081 3360 ejus
1099 3279 1252 3344 Phalarin

188 3388 325 3468 dicitur,
345 3405 378 3451 et
398 3387 577 3476 Gortynam
598 3387 712 3452 urbem
735 3387 905 3451 Thessaliae
927 3383 1110 3451 condidisse
1129 3387 1169 3450 ab
1193 3386 1254 3451 Or·

189 3495 289 3583 pheo,
319 3512 364 3558 rs.
394 3493 472 3574 t433
500 3492 590 3581 quod
623 3512 640 3556 a
671 3494 802 3558 nemine
834 3508 985 3580 preterea
1019 3489 1100 3555 tradi
1132 3491 1255 3556 notavit

190 3601 481 3668 Esochenbachins.
496 3599 544 3664 Ab
559 3623 598 3662 eo
617 3616 747 3688 portum
764 3599 952 3662 phalereum
968 3600 1062 3663 etiarn
1081 3597 1258 3662 Athenien-

191 3709 281 3776 sibus
306 3723 466 3772 structum
493 3727 613 3770 nomen
637 3707 811 3794 accepisse,
837 3705 935 3770 tradit
959 3704 1095 3769 Pausan.
1123 3703 1179 3769 lib.
1205 3705 1256 3784 ΙΙ,

192 3834 259 3904 cap.
277 3836 304 3879 1.
326 3815 481 3878 Praeterea
497 3814 529 3874 in
548 3812 670 3876 Italiam
687 3812 805 3876 deinde
819 3827 1071 3900 transgressum,
1091 3809 1206 3874 urbem
1220 3832 1259 3873 er

193 3941 254 3986 suo
270 3923 405 3986 nomine
423 3920 611 4000 Phaloriam,
634 3939 705 4008 quae
728 3919 846 3984 deinde
866 3915 1078 4009 Parthenope,
1100 3935 1132 3983 et
1147 3933 1260 4006 postea

195 4025 346 4116 Neapolis
362 4027 424 4090 tuit
441 4026 542 4107 dicta,
568 4024 751 4089 condidisse
763 4025 877 4088 Petrus
897 4025 943 4088 Lo
959 4025 1040 4088 Seno
1057 4021 1097 4088 de
1116 4025 1260 4109 Gymna-

197 4131 245 4195 sio
261 4131 360 4220 Neap.
373 4147 442 4220 cap.
455 4131 520 4214 xl,
541 4141 556 4208 s
575 4133 610 4211 A,
628 4147 659 4194 et
675 4131 798 4197 Cantill.
818 4131 1013 4219 Peregrinus
1031 4129 1072 4193 de
1088 4129 1261 4216 Campania
