3002 4680
251 367 291 432 38
496 431 500 438 ,
560 365 596 430 C.
621 364 815 430 VALERII
844 365 1017 434 FLACCI

291 497 422 562 Diluvio
439 495 512 575 tali,
526 493 723 584 paribusque
735 493 943 561 Ariasmenus
955 514 1051 588 unget

292 609 451 692 excidiis,
467 608 558 674 nullo
574 609 701 697 rapiens
715 607 901 674 discrimine
913 631 1039 676 munau

292 724 412 816 AEgida
423 739 496 790 tum
511 723 656 813 primum
667 723 760 814 virgo
770 723 957 813 spii-'amque
969 725 1112 793 Mediae

293 843 490 910 Tercentum
506 837 596 905 saevis
610 838 812 926 squalentem
825 841 957 905 sustulit
967 840 1098 931 hydnia,

295 954 404 1039 Quam
419 943 479 1018 soli
494 952 636 1036 vidistis,
650 953 737 1042 equi.
749 951 854 1018 Pavor
867 971 1007 1045 occupat
1018 957 1134 1047 ingens

293 1068 444 1134 Excussis
457 1068 492 1131 in
507 1068 703 1159 tergamus,
719 1066 888 1157 diramque
903 1085 1071 1158 actorquet

294 1185 333 1249 In
353 1184 458 1251 socios
474 1205 543 1247 non
560 1197 678 1270 sponte
687 1181 794 1264 luem;
813 1198 893 1247 tunc
910 1182 1043 1248 ensibus
1059 1185 1152 1250 uncis
1283 1206 1322 1250 too

247 1315 250 1324 ¹
294 1296 461 1388 Implieat,
474 1311 507 1360 et
519 1293 663 1383 trepidos
674 1295 792 1360 lacerat
804 1295 973 1364 Discordia
986 1321 1112 1364 currus.

296 1414 456 1476 Romanas
469 1409 570 1476 veluti
580 1409 751 1474 sevissima
763 1433 867 1500 quum
878 1411 1022 1501 legiones

259 1541 263 1544 ·
297 1525 473 1616 Tisiphone
488 1546 646 1614 regesque
662 1535 788 1606 movet,
805 1547 948 1614 quorum
963 1525 1092 1615 agmina
1105 1526 1195 1614 pilis,
1272 1555 1275 1566 ·

298 1643 449 1727 Quorum
468 1641 582 1731 aquilis
597 1640 763 1729 utrimque
779 1641 919 1724 micant,
936 1641 1116 1730 eademque
1132 1642 1278 1709 Parentis

296 1761 383 1823 Rura
399 1757 529 1838 colunt,
547 1753 635 1820 idem
650 1754 750 1819 lectos
767 1776 806 1821 ex
821 1754 975 1824 omnibus
992 1757 1076 1846 agris
1284 1769 1322 1817 to

286 1966 340 2016 tot·
357 1959 457 2019 Qtwmm
474 1953 574 2018 aqualia.
585 1951 660 2004 vitta.
680 1952 733 2000 eod.
754 1955 854 2014 ρυονιυη
866 1954 953 2017 quate.
972 1957 1063 2002 Bonam
1081 1955 1176 2004 cadet
1196 1957 1284 2003 Bonou
1305 1955 1324 2000 l.

257 2043 334 2102 Asqae
346 2036 437 2100 aquilis.
449 2035 542 2084 lionam
551 2033 584 2078 ll.
595 2032 639 2078 En.

257 2205 324 2260 ciem
335 2203 416 2256 maris
427 2219 532 2274 equare
546 2220 560 2254 e
572 2200 719 2274 lonqinquo
734 2201 769 2253 vi·
813 2204 923 2270 implicat
936 2205 1085 2264 Discordia,
1104 2217 1130 2254 et
1148 2205 1252 2270 trepidos
1265 2203 1276 2272 (
1287 2204 1325 2258 sic

257 2284 393 2338 derantur.
814 2283 909 2348 trepida
914 2284 1001 2352 puppis
1010 2319 1017 2340 ,
1026 2281 1064 2344 V,
1075 2299 1122 2333 aas
1134 2298 1141 2345 3
1152 2284 1247 2352 trepida
1252 2287 1326 2352 plaa-

295 2361 356 2430 396.
366 2361 425 2414 Jam
434 2377 497 2412 vero
507 2397 515 2423 ,
526 2377 608 2431 quum
623 2371 677 2412 tam
689 2376 771 2430 grave
812 2373 876 2420 stra,
888 2359 946 2423 VI,
959 2359 1026 2428 1⁵5)
1047 2365 1142 2414 lacerat
1153 2381 1245 2416 earnes.

257 2439 414 2513 Aegonautia
424 2437 479 2492 anie
492 2437 640 2510 peniculum
653 2438 771 2492 immine-
850 2439 972 2500 iomfloc
981 2438 1127 2494 illustratur
1133 2441 1327 2512 comparatione

259 2517 529 2590 ret‚1³allmipaain
546 2519 668 2590 praelium
685 2515 770 2582 redit,
815 2535 832 2569 ιι
849 2515 925 2570 bellis
942 2519 1120 2573 Romanorum
1137 2520 1259 2574 civilibus
1278 2519 1325 2574 dc·
1431 2545 1434 2553 ι

258 2611 414 2670 tantumque
435 2608 563 2652 terrorem
578 2597 664 2672 injicit
682 2595 771 2668 equis,
815 2607 930 2670 sumpta.
940 2603 1066 2650 Romanas
1078 2602 1157 2652 aelati
1166 2604 1273 2670 legiones
1285 2601 1326 2652 Ti·

259 2691 290 2733 ut
305 2695 398 2732 currus
414 2676 504 2730 falcati
517 2676 546 2730 in
562 2676 635 2748 ipsos
650 2675 773 2732 dominos
815 2679 916 2746 ebione
924 2691 1003 2732 movet
1011 2698 1145 2748 regesque,
1154 2678 1236 2732 duces
1244 2679 1328 2731 omni·

259 2762 406 2824 irruerent,
419 2755 529 2829 ipseque
539 2755 709 2810 Asiaamenus
718 2754 772 2808 dis·
816 2773 868 2823 no,
882 2775 937 2828 quo
948 2775 1027 2812 aenan
1038 2777 1107 2831 sepe
1118 2757 1189 2830 apud
1201 2759 1327 2812 Nostrum

261 2835 771 2907 moeretur.AE5idammprinuan(coni.
815 2837 976 2901 habuimus3
1004 2837 1071 2893 nihil
1093 2838 1215 2912 amplius.
1243 2837 1328 2890 Nimis

261 2935 355 2990 snpra,
366 2935 392 2970 v.
404 2919 470 2987 176)
480 2915 564 2970 Pallas
577 2925 711 2988 caputque
722 2920 772 2968 Me·
816 2916 894 2972 docte
901 2917 936 2971 de
943 2935 1056 2988 regnum
1065 2917 1130 2974 olim
1141 2916 1328 2972 affectantibus

260 3001 344 3059 desa,
355 2997 432 3069 cajus
441 2995 585 3050 terribilem
596 2995 710 3048 sormam
719 2994 771 3049 cir·
816 2997 918 3054 Caesam
927 3009 953 3050 et
962 2996 1087 3067 Pompeio
1099 2998 1281 3058 Burmannus,
1294 2994 1329 3049 de

260 3073 463 3144 cumseqibendo
473 3086 552 3146 auget
568 3085 663 3146 poeta:
682 3076 774 3142 spiram
817 3075 1329 3141 Galba,OthoueetvitellioCaaaubo·

158 3175 162 3182 ·
261 3159 517 3209 mamistanensem
533 3153 603 3205 'scaeis
621 3155 773 3220 squalentem
816 3151 1154 3224 nusexplicurevideutur.

261 3238 343 3298 hydris
348 3272 395 3288 .....
406 3235 518 3296 sustulit,
529 3233 566 3288 ita
576 3243 679 3298 tamen,
692 3243 722 3284 ut
733 3250 774 3284 ao·
855 3232 917 3297 403.
927 3237 1034 3300 Quorum
1040 3231 1144 3300 agmina
1148 3234 1219 3300 pilis,
1231 3230 1330 3287 hastili·

261 3314 279 3366 li
291 3313 352 3384 equi
362 3310 491 3366 viderent.
819 3311 870 3364 bus
887 3309 938 3366 illia
957 3309 1098 3378 brevibus,
1114 3311 1197 3365 ferrea
1220 3312 1330 3385 cuspide

298 3391 359 3459 398.
373 3392 470 3459 Pavor(
480 3401 510 3442 nt
521 3408 635 3462 peasona
654 3387 775 3448 conside·
819 3389 944 3454 munitis¹
957 3388 1053 3462 quibus
1066 3389 1205 3464 plerasque
1218 3393 1330 3446 Romani

261 3483 348 3536 ratus,
363 3470 402 3524 uti
414 3469 494 3525 etiam
505 3470 595 3542 paullo
604 3482 665 3542 post
673 3472 774 3526 Discat·
819 3469 944 3526 vicarias
956 3468 1105 3533 dehebant,
1116 3482 1142 3524 et
1150 3473 1239 3540 aquilis
1249 3475 1330 3525 aaim·

262 3553 321 3612 dia,
343 3567 402 3622 quu
423 3549 521 3604 Pauori
541 3547 622 3602 etiam
639 3548 774 3622 jungitur,
820 3568 867 3618 que
880 3551 987 3612 micant,
1000 3553 1135 3618 eademque
1147 3554 1257 3605 Parentis
1271 3553 1330 3622 (sic
1385 3577 1387 3582 ’

262 3631 306 3695 11,
321 3631 385 3698 aaa)
395 3642 498 3698 occupat
508 3645 607 3700 equos,
618 3638 648 3681 at
657 3638 774 3683 vectores
819 3627 888 3702 typis
897 3628 1009 3701 exprimi
1013 3630 1079 3701 jussi
1086 3629 1162 3685 litera
1168 3631 1330 3704 majuscula,

264 3708 409 3762 excutiant.
817 3719 848 3765 ut
861 3709 893 3762 ait
909 3727 960 3781 pro
976 3709 1074 3763 Patrio·
1083 3709 1186 3774 Roma,
1203 3710 1330 3764 suadente

300 3789 361 3856 399.
378 3789 514 3855 Diramqae
537 3801 659 3855 retorquet
679 3793 709 3838 In
733 3807 774 3839 so·
818 3788 1020 3856 Friesemanno,
1034 3808 1061 3861 p.
1081 3789 1215 3858 na)mra
1229 3795 1329 3852 colnac,-

264 3870 314 3920 eios
331 3886 381 3918 aon
395 3881 481 3935 sponte
491 3871 571 3928 man,
584 3865 773 3932 efficitPavor,
817 3872 882 3922 idem
894 3873 993 3936 stylite
1006 3871 1094 3940 infelix
1114 3874 1188 3922 lectos
1199 3890 1233 3922 ee
1252 3875 1330 3922 omm'·

263 3958 294 3999 ut
312 3945 373 4017 equi
387 3945 462 4002 inviti
477 3957 557 4017 atque
573 3944 648 4001 inscii
670 3944 772 4001 cladem
818 3952 860 4001 bas
871 3951 955 4018 agris,
967 3969 1060 4004 omnes
1069 3950 1171 4003 accolas
1179 3968 1240 4003 suos
1249 3988 1258 4015 ,
1268 3954 1333 4002 misit

264 4025 435 4096 agitatoribus
444 4025 643 4080 subinferrent.
819 4049 868 4081 nen
877 4033 915 4080 ad
923 4033 976 4082 liae
987 4029 1071 4083 civilia
1076 4031 1174 4100 praelia.
1183 4027 1333 4084 Adumbm·

299 4111 357 4174 4⁰⁰·
368 4109 434 4160 tum
446 4107 540 4160 ensibus
553 4109 621 4159 tineis
631 4145 638 4168 ,
650 4106 774 4176 falcibus,
819 4122 876 4164 tum
885 4109 1018 4181 exVirgil.
1029 4112 1086 4162 AEn.
1098 4109 1226 4175 1v‚646:
1238 4129 1333 4164 ensem·
