3022 4678
244 350 305 436 196
544 345 580 408 G.
605 340 802 407 VALERII
832 338 1003 402 FLACCI

282 481 429 569 Abrupta
448 477 614 542 revolutus
630 498 732 564 aqua;
749 474 881 560 jamque
897 471 1005 536 omnis
1018 470 1054 534 in
1070 487 1153 535 astra
1218 491 1222 498 ·
1273 487 1312 527 uo

282 600 378 685 Itque
396 591 546 681 reditque
562 591 653 673 ratis,
673 592 829 679 lapsoque
846 587 1011 676 reciproca
1027 585 1129 650 fluctu

281 707 476 776 Descendit:
497 723 589 771 vorat
605 707 667 770 hos
681 721 819 808 vortex,
827 703 888 767 hos
904 701 1033 792 agmine
1048 717 1119 766 toto

287 828 414 917 Gurges
432 825 515 916 agit,
538 824 636 888 simul
651 823 686 886 iu
701 822 811 885 vultus
828 820 925 884 micat
941 818 1087 907 undique
1103 835 1225 899 terr0r3

281 941 400 1008 Crebra
418 940 513 1003 ruina
529 937 595 1027 poli
612 936 749 1002 caelestia
763 935 875 998 limina
891 935 984 998 laxat.

284 1060 361 1124 Non
379 1073 486 1120 tamen
508 1053 650 1117 ardentis
666 1050 742 1114 Stin'
758 1049 912 1113 violentia
927 1048 1032 1130 cedit3

286 1174 447 1237 Hortatur
462 1161 567 1233 socios
585 1164 692 1232 media
707 1165 793 1228 inter
808 1162 915 1252 proelia
931 1164 1069 1228 Divum:

287 1287 498 1352 «Transferet
515 1307 594 1374 ergo
610 1303 713 1362 meas,
730 1281 764 1343 iu
781 1303 853 1369 quae
870 1281 976 1362 volet,
997 1279 1117 1369 oppida
1132 1279 1224 1345 dotes

282 1403 431 1468 Colchis!
453 1416 485 1464 et
501 1397 690 1462 Hoemonius
711 1393 806 1458 nobis
825 1392 978 1458 succedet
995 1394 1137 1460 adulter!

283 1521 352 1585 Nec
368 1516 450 1581 milri
467 1531 517 1580 tot
532 1533 667 1601 magnos
684 1510 771 1574 inter
786 1532 946 1598 regesque
963 1532 1148 1599 procosque

282 1632 449 1699 Profuerit
465 1650 569 1720 prona
586 1625 676 1690 haud
695 1624 787 1689 dubii
804 1624 963 1690 sententia
979 1625 1095 1713 patris!
1240 1607 1244 1614 ¹
1272 1647 1312 1694 us

269 1819 322 1866 ³32.
339 1819 413 1865 Varat
431 1813 472 1858 lure
490 1808 578 1856 irertee.
595 1805 671 1854 vatio.
689 1816 712 1854 et
732 1809 824 1853 Bouou.
844 1807 914 1854 codd.
934 1809 1024 1855 bonon.
1040 1809 1060 1856 1.
1076 1809 1151 1855 Trahit
1167 1809 1209 1855 hos
1221 1820 1314 1858 uertex,

242 1903 307 1946 tunc
320 1899 407 1944 Macer.
422 1891 498 1940 Tralu't
513 1889 554 1936 ltus
564 1898 656 1934 mortes.
676 1887 728 1933 Ald.
749 1889 811 1948 Lege
826 1897 895 1932 vorat
912 1888 954 1934 hos
969 1899 1055 1933 uertex
1066 1904 1121 1935 oum
1132 1892 1223 1935 Boron.
1236 1891 1275 1944 ll,
1290 1901 1315 1936 et

204 2035 207 2045 Ι
245 1980 277 2026 sic
295 1977 385 2024 Hales.
402 1969 528 2035 (quemvis
544 1967 627 2014 vitiose
645 1977 714 2012 voees
730 1981 866 2029 expressum
881 1966 966 2030 suerit)
981 1967 1074 2029 Bipont,
1086 1969 1198 2029 νίψω..
1213 1993 1245 2006 ,,
1260 1970 1314 2024 33„¹

247 2057 355 2104 Lumina.
365 2051 441 2100 letio.
452 2051 543 2096 Boron.
556 2045 626 2092 codd.
637 2055 660 2092 et
670 2045 725 2092 edd.
735 2055 790 2092 ente
801 2046 881 2092 Banu.
889 2071 921 2080 -
930 2047 983 2106 337.
995 2046 1130 2108 Treruseret.
1141 2045 1218 2093 codd.
1228 2057 1252 2094 et
1259 2048 1314 2096 edd.

245 2147 300 2184 ente
309 2138 388 2181 Burm.
398 2145 442 2176 nec
451 2129 526 2186 ¹aliter
535 2125 674 2186 tegendum,
691 2124 797 2186 qtremris
808 2121 936 2187 transfirur
945 2124 970 2170 in
981 2135 1083 2187 posterr.
1093 2125 1147 2173 edd.
1158 2127 1257 2174 benedt,
1269 2123 1314 2174 Eu',

243 2306 303 2364 abu,
322 2296 470 2367 contingit,
492 2305 521 2345 ut
535 2311 617 2364 prope
628 2291 757 2355 accedun
839 2291 898 2345 335.
909 2296 1027 2344 Ardentis
1041 2304 1068 2346 et
1083 2293 1120 2347 ire
1136 2305 1162 2347 et
1175 2310 1308 2347 rmore...

242 2382 288 2438 sed
296 2372 702 2442 mondiscedentihusutrimque
711 2371 759 2424 ssu·
803 2373 1062 2433 Divum,vent0rum,

243 2464 346 2526 ctibur,
358 2461 384 2511 iu
397 2457 554 2509 immensam
568 2464 628 2506 aute
642 2471 670 2505 se
683 2471 759 2525 uper·
840 2450 899 2519 337.
910 2451 975 2515 Qum
992 2463 1150 2524 sequnntur,
1168 2453 1251 2505 multu
1268 2451 1317 2504 he·

245 2556 300 2598 tnm
312 2536 464 2609 voraginem
479 2531 610 2605 dejecttu,
622 2531 708 2602 egitur
721 2548 761 2582 re·
804 2527 866 2580 bent
877 2531 1020 2601 proclum,
1031 2542 1056 2584 et
1063 2531 1153 2603 juveni
1164 2549 1316 2586 accommo-

244 2637 298 2688 tr03
305 2623 410 2690 jarnque
419 2615 497 2666 omnis
510 2617 535 2664 in
547 2626 616 2663 asera
626 2610 761 2682 (solemnio
804 2605 865 2660 datu
879 2609 979 2661 amenti
989 2649 997 2676 ,
1006 2609 1171 2682 jactabundo
1180 2651 1188 2676 ,
1197 2612 1263 2664 irato
1272 2631 1280 2676 3
1288 2609 1317 2662 in

245 2701 328 2776 poetis
339 2692 502 2768 hyperbole)
514 2695 580 2759 itque
591 2692 701 2756 reditque
711 2687 760 2740 ali·
804 2706 837 2740 eo
851 2697 939 2741 temen
957 2707 1079 2760 peccasse
1099 2689 1203 2743 videtur
1222 2701 1316 2763 poeta,
1360 2689 1371 2714 ³

245 2779 350 2852 quoties
367 2774 442 2832 ratis,
461 2774 592 2839 lapsoque,
610 2765 761 2831 desid-te,
804 2765 878 2838 quod
893 2767 921 2818 in
940 2767 993 2837 ipse
1007 2779 1162 2840 tempestate
1174 2771 1212 2822 ita
1224 2769 1317 2823 verbo.

239 2865 320 2932 slueeu
341 2857 481 2920 reciproca,
498 2865 609 2908 rursus,
629 2847 762 2896 descendit.
805 2865 864 2898 eum
878 2844 986 2900 induent
1002 2848 1114 2913 Stirum,
1131 2861 1161 2901 ut
1180 2867 1262 2921 prope
1275 2849 1317 2902 vi.

283 2939 345 2992 332.
356 2939 435 2984 Vorae
445 2927 569 3000 (graviter
577 2925 699 2995 dictum),
709 2924 763 2978 avi·
805 2925 873 2996 giuti
887 2925 1023 2979 versiculis
1036 2927 1119 2979 animi
1132 2947 1206 2982 seusu
1225 2946 1319 2999 expro-

247 3019 282 3072 de
298 3013 410 3085 abripit,
425 3013 469 3061 los
484 3021 590 3066 vortex,
606 3007 650 3054 hos
663 3006 762 3072 agmine
805 3016 868 3057 mut.
880 3006 1085 3074 Transfererergo
1095 3007 1319 3072 coletis,Medea,

248 3111 392 3170 aquarum,
415 3088 562 3149 fluctuum,
587 3097 637 3134 toro
654 3102 761 3152 gurges,
806 3102 873 3134 meas
883 3087 952 3135 dotes
960 3084 1043 3155 (proci
1052 3085 1121 3137 enim
1131 3085 1320 3140 heroicaaerete

247 3191 410 3250 mquor,per
423 3167 591 3240 superficient
601 3167 667 3234 agit,
683 3162 761 3236 rapit
806 3159 883 3214 donis
902 3163 1020 3233 primum
1040 3163 1092 3216 sihi
1110 3163 1145 3216 nd
1160 3164 1277 3238 virginee
1294 3176 1321 3217 et

285 3257 346 3320 334.
365 3254 454 3304 Crebra
475 3250 547 3300 ruina
562 3244 683 3314 ,volusio
706 3245 763 3294 cali
806 3253 928 3312 parentes
947 3241 1050 3295 aditum
1071 3242 1211 3297 faciebant.
1226 3243 1273 3298 Vir
1286 3243 1319 3296 cl.

249 3329 441 3399 ruina,.Virgit
458 3329 518 3379 AEu.
542 3325 565 3386 l,
588 3326 669 3393 129),
690 3322 760 3374 toni·
806 3325 1320 3383 leur,Geselr.derWeiberimheroischen

250 3429 338 3468 truum
355 3412 443 3481 fragor
461 3418 488 3459 et
507 3403 637 3465 fulmina,
657 3404 763 3452 celestia
806 3403 931 3464 Zeiratrer,
951 3423 971 3454 s.
990 3403 1038 3456 163
1049 3403 1070 3470 ),
1086 3413 1112 3456 et
1130 3421 1158 3456 ee
1177 3404 1279 3476 ipsam,
1295 3413 1322 3456 et

247 3497 336 3548 limina
348 3495 431 3550 laxat,
453 3483 576 3557 aperiunt
597 3480 708 3546 culum3
725 3479 763 3534 itu
806 3479 941 3534 (latuolim
953 3480 1142 3548 donnuvehnt,
1152 3501 1322 3555 quocumque

249 3573 390 3628 dehiscunt
401 3567 501 3629 nubes,
518 3573 547 3614 ut
563 3560 619 3632 ipse
633 3559 763 3631 Olympus
807 3560 941 3614 libentes
955 3564 1095 3614 Hoemorriru
1110 3563 1320 3635 (contemptim,

250 3651 366 3722 conspici
382 3646 510 3700 videntur.
521 3639 657 3704 Similem,
672 3657 764 3709 quam·
808 3641 848 3692 uti
870 3659 964 3712 supra,
983 3659 1007 3692 v.
1033 3643 1103 3711 283)
1116 3645 1185 3693 nobis
1207 3647 1323 3694 succedes

250 3749 331 3806 quam
350 3724 525 3786 contrarium,
536 3717 702 3791 hyperbolen
719 3717 763 3769 ha·
807 3723 912 3779 adulter,
930 3730 1020 3789 ruptor
1033 3720 1124 3772 alien·
1135 3721 1273 3794 conjugis!

249 3814 293 3866 bet
307 3806 435 3868 Ovidius,
452 3803 560 3855 Metam.
578 3799 617 3861 ΙΙ,
635 3801 698 3860 260,
716 3798 762 3850 ubl
843 3797 967 3866 339‚Nec
984 3801 1044 3850 milu'
1054 3801 1186 3869 profuerit,
1199 3803 1264 3852 iuter
1275 3817 1321 3863 tot,

250 3892 284 3944 de
307 3883 443 3940 temerarie
467 3877 637 3932 Phaethontis
656 3879 762 3950 auriga-
806 3896 905 3948 eosque
922 3897 1028 3946 magnos
1040 3899 1158 3949 regesque
1165 3901 1319 3950 procosque,

250 3973 321 4023 tione
329 3981 415 4019 sermo
425 3972 476 4014 eet:
486 3960 579 4010 Dissilit
588 3977 660 4009 omne
668 3963 760 4018 solum,
806 3975 901 4029 procos
910 3956 997 4026 regios
1008 3998 1016 4024 ,
1022 3979 1107 4027 prona
1118 3963 1188 4012 raud
1196 3963 1263 4012 dubii
1270 3980 1323 4013 serr·

244 4059 407 4120 penetratque
422 4044 446 4092 irr
459 4044 563 4090 Tartara
575 4041 640 4090 rimis
655 4043 761 4096 Lumen,
806 4038 883 4087 tentia
893 4039 983 4104 patris,
992 4039 1054 4109 qui,
1067 4051 1097 4092 ut
1110 4041 1225 4110 primum
1238 4042 1322 4114 petii,

249 4145 273 4182 st
286 4129 407 4198 infer-rrum
417 4120 663 4186 temreumeoujnge
672 4135 760 4184 regern.
807 4114 893 4166 stetim
917 4133 975 4168 enm
997 4115 1112 4184 addixit,
1132 4119 1320 4190 desponsavit!
