3006 4676
252 365 314 444 248
397 308 503 428 ¹1³10
531 331 777 446 lucrosa,
803 359 1161 430 SUPPLEMENTA
1268 403 1270 406 -

296 501 408 579 Aretes
425 517 532 586 genua
546 479 765 585 amplexuque
780 511 813 562 et
826 495 973 585 supplice
990 495 1103 561 dextra

297 612 429 702 Regiuae
446 611 569 701 tangit,
588 611 688 700 passis
706 635 767 700 per
782 613 864 677 colla
877 611 1011 700 capillis.

339 723 473 807 «Adsis,
487 747 509 787 o
526 724 655 813 regina,
669 724 770 806 mihi,
786 724 980 813 placidoque
995 724 1104 790 lavore

199 815 204 825 ἡ
296 837 452 928 Adspice,
463 837 666 928 genibusque
685 839 749 904 tuis
768 838 919 904 miserere
932 839 1047 928 puellae

297 949 477 1039 Supplicia,
501 965 598 1038 atque
615 949 686 1014 fero
702 971 826 1034 neme,
845 974 942 1040 rogo,
959 949 1042 1016 dede
1058 951 1194 1040 parenti.
1299 967 1324 1006 ιε

298 1067 366 1132 Scis
383 1067 504 1130 etenim
521 1082 681 1154 quantum
697 1068 799 1131 errori
816 1083 1042 1156 quantumque
1053 1067 1178 1156 periclo

300 1181 403 1247 Obvia
419 1182 462 1246 sit
481 1181 615 1247 mulier:
631 1205 703 1246 mea
716 1196 796 1247 tunc
811 1181 988 1272 praecordia
1002 1183 1104 1246 movit

298 1298 398 1362 Dirus
415 1319 518 1378 amor,
536 1296 713 1362 vehemens
727 1314 760 1362 et
778 1320 850 1387 quae
868 1314 978 1363 movet
994 1298 1106 1362 omnia
1122 1295 1281 1384 Erinnys,

250 1436 258 1448 '
300 1413 378 1478 Non
392 1414 503 1478 lur'or:
518 1413 583 1477 hoc
601 1435 721 1477 novere
736 1414 820 1478 faces
834 1413 1032 1502 Hyperionis
1047 1413 1142 1494 astri,

301 1529 466 1615 Tectaque
484 1527 660 1616 noctivagae
676 1527 846 1592 Perseidos
859 1527 949 1618 orgia
961 1525 1054 1592 divae.
1301 1541 1327 1581 ³0

301 1623 517 1732 Imprudens,
534 1642 660 1733 regina,
677 1642 809 1725 ducem,
829 1643 1065 1733 peregrinaque
1083 1641 1172 1706 navis
1291 1713 1298 1724 ,

164 1847 166 1851 ,
301 1761 454 1823 Transtra
466 1758 556 1840 subi,
569 1758 665 1822 tristis
680 1776 797 1846 stupor
810 1758 880 1822 haec
895 1758 1074 1853 persuasit,
1092 1757 1299 1844 Erinnysque

300 1873 436 1961 Impulit
451 1873 485 1936 in
502 1872 626 1936 lacinus
640 1895 648 1935 :
661 1871 834 1960 prudentia
847 1870 952 1937 defuit
968 1870 1061 1936 orsis.

301 1991 379 2056 Non
396 2012 489 2054 secus
503 2011 541 2053 ac
557 1988 704 2052 thalamis
722 1989 847 2053 fueram
861 1987 1032 2077 impolluta
1049 1987 1208 2078 paternis,

302 2105 414 2169 Talem
432 2127 486 2168 me
502 2119 608 2169 castus
622 2121 750 2190 semper
765 2101 903 2170 servarit
916 2102 1023 2166 Iason.
1303 2114 1329 2156 ³⁵

303 2218 346 2280 At
363 2213 547 2280 veneranda
560 2213 642 2296 mei,
656 2236 781 2302 quaeso,
796 2215 950 2281 miserere
967 2215 1107 2299 doloris,

247 2369 250 2375 Δ
302 2335 457 2399 Fortunae
474 2331 626 2396 miserere
643 2353 745 2394 meae:
766 2345 804 2395 tu
820 2329 892 2396 diva
910 2332 1064 2396 maritum

302 2445 436 2532 Flecte,
449 2463 543 2536 potes
559 2460 665 2509 certe:
687 2443 769 2532 quid
787 2445 874 2510 enim
893 2469 962 2510 non
977 2447 1075 2512 unica
1091 2445 1220 2536 possis?

308 2565 361 2630 Sic
376 2563 436 2628 tibi
450 2560 485 2627 di
500 2561 576 2627 felix
589 2583 710 2645 aarum,
727 2560 831 2625 felicia
849 2583 949 2652 regna

304 2682 412 2763 Dent,
430 2678 549 2760 decus,
569 2692 603 2741 et
619 2691 733 2758 natos,
757 2693 791 2740 et
808 2675 906 2741 nullis
922 2692 1049 2769 sceptra
1064 2676 1227 2766 periclis».
1305 2696 1332 2741 to

349 2794 438 2858 Talia
452 2815 528 2858 eum
544 2791 693 2882 lacrymis
711 2789 826 2856 Medea
847 2807 880 2856 et
893 2792 1038 2880 supplice
1056 2791 1166 2856 dextra

303 2906 475 2973 Fundebat
490 2905 598 2972 faciles
613 2905 733 2994 reginae
748 2887 837 2970 mitis
855 2903 898 2969 ad
910 2927 1014 2971 aures.

302 3024 358 3089 Nil
368 3039 478 3090 actum
494 3039 604 3088 tamen
620 3021 689 3110 ipsa
704 3035 841 3111 putans,
857 3021 933 3084 licet
948 3020 1058 3085 omnia
1072 3037 1166 3087 caute

303 3139 449 3226 Curarit,
464 3137 578 3204 Graios
595 3135 701 3199 verbis
716 3135 763 3199 sic
778 3135 901 3201 mulcet
915 3136 1026 3200 amicis
1041 3160 1049 3202 τ

345 3255 507 3334 «Heroes,
518 3264 656 3340 augusta
668 3248 805 3332 cohors,
820 3245 999 3337 divumque
1014 3271 1177 3340 propago,
1306 3267 1332 3315 ts

303 3370 434 3434 Servate
447 3365 664 3444 incolumem,
683 3385 756 3450 quoe
772 3384 829 3426 vos
847 3364 985 3429 servavit
1004 3362 1044 3428 ab
1062 3363 1157 3454 hoste

304 3484 507 3562 Incolumes,
522 3501 595 3569 quae
611 3493 728 3542 cuncta
741 3475 850 3562 dedit,
870 3502 941 3566 quae
956 3495 1073 3544 cuncta
1087 3479 1218 3570 reliquit

306 3595 476 3662 Parrhasio
492 3593 621 3685 genitor
636 3593 726 3660 dives
749 3617 820 3682 quae
833 3594 978 3685 possidet
994 3595 1086 3662 orbe.

303 3713 362 3778 His
377 3711 480 3775 oeulis
488 3757 500 3792 ‚
523 3710 658 3797 inquam
669 3758 679 3794 ,
691 3708 742 3772 his
760 3709 880 3794 oculis,
897 3711 1005 3800 sopire
1021 3709 1196 3776 draconem

301 3825 436 3892 Vidistis
455 3847 527 3888 mea
542 3823 641 3887 verba
656 3821 781 3906 ferum,
798 3823 1018 3913 spirantiaque
1032 3847 1089 3890 ora
1308 3841 1333 3882 se

302 3944 486 4007 Taurorum
502 3955 640 4004 aetemos
656 3940 764 4029 ignes,
782 3939 983 4030 restinguere
997 3940 1102 4012 succis

300 4056 488 4132 Herbarum
505 4053 659 4145 magicis,
677 4075 843 4143 camoque
856 4054 1031 4146 adjungere
1048 4071 1173 4140 aratro,
