3006 4676
226 377 291 440 206*
386 377 472 440 PIO
502 373 749 456 AUCTORE,
773 371 1127 438 SUPPLEMENTA

268 510 397 585 Haeret,
420 523 452 570 et
469 505 547 569 hine
562 527 704 595 praesens
722 504 840 594 pudor,
857 505 935 568 hinc
949 503 1075 568 decreta
1094 525 1231 567 suorum
1260 529 1299 574 ns

270 625 359 688 Dura
379 638 553 711 premunt3
568 636 747 710 utcumque
765 638 873 686 tamen
891 621 1033 685 mulcere
1048 635 1232 710 gementem

260 713 385 803 ¹Tentat
402 755 435 801 et
454 738 522 826 ipse
539 759 686 827 gemens,
706 752 739 801 et
754 753 902 825 tempora
918 757 1051 801 currere
1067 733 1181 798 dictis:

270 886 283 910 «ι
294 855 392 918 Mene
405 849 528 940 aliquid
542 833 696 916 metuisse
715 867 827 939 putas,
852 897 1109 916 ............

275 1011 815 1035 .........................
827 987 880 1028 me
900 965 973 1028 talia
991 964 1090 1046 velle,

271 1081 351 1144 Diva
369 1079 439 1142 viro
455 1079 594 1143 nimium
611 1079 731 1158 conjux
748 1079 874 1143 infensa
889 1067 998 1147 fideli?

264 1195 397 1260 ‚Humeo
415 1194 442 1256 si
458 1215 522 1280 qua
538 1209 672 1256 movent
689 1194 833 1274 animos,
850 1192 1042 1284 ingrataque
1061 1193 1156 1256 nobis
1190 1191 1197 1198 ’
1251 1213 1300 1262 vtro

272 1311 353 1394 Quae
370 1325 401 1374 te
420 1309 562 1398 cumque
579 1325 754 1398 premunt;
772 1307 829 1373 sed
846 1310 955 1374 mollia
971 1323 1118 1398 tempora
1135 1307 1277 1397 primum

274 1429 470 1515 Captamus,
486 1425 626 1512 saevique
642 1424 747 1513 placet
759 1447 857 1488 mora
874 1422 1046 1489 commoda
1063 1423 1148 1489 belli.

270 1545 334 1606 Tot
350 1542 456 1606 coiere
474 1537 572 1604 duces
587 1588 595 1620 ‚
612 1539 790 1628 hostilique
806 1541 926 1630 impete
940 1547 1056 1604 turmae

273 1655 626 1736 Certatimincubuere
643 1655 746 1738 odiis,
766 1672 974 1744 mortemque
989 1657 1166 1719 minantur.
1208 1683 1213 1702 .

272 1775 376 1836 Causa
389 1773 464 1860 fuga
475 1787 543 1853 est,
560 1786 592 1834 et
608 1786 720 1834 noster
734 1793 838 1834 amor.
853 1770 1090 1858 Quoscumque
1105 1769 1300 1858 superbires

274 1885 389 1950 Cernis
406 1885 497 1972 equis
514 1883 637 1971 equites
657 1883 813 1966 fremere,
835 1907 948 1974 aspera
962 1885 1051 1966 jussa
1064 1885 1204 1974 parentis

172 2085 178 2098 υ
272 2003 389 2084 AEette‚
406 1999 607 2088 Absyrtique
624 1999 777 2064 immania
794 2000 885 2090 signa
901 2016 1103 2088 sequuntur;

273 2119 449 2198 Eretasse,
466 2132 498 2179 et
514 2115 616 2196 ferro,
632 2131 729 2203 atque
745 2116 861 2180 animis
880 2132 1022 2180 certatur
1038 2115 1169 2204 iniquis.

203 2279 206 2297 .
275 2234 385 2314 Quare
408 2252 449 2294 ne
468 2245 579 2319 pereat
598 2243 706 2292 tecum
724 2244 781 2292 tua
796 2228 948 2294 Thessala
964 2231 1087 2319 pubes,

273 2349 316 2412 Et
331 2347 439 2411 venias
457 2345 545 2433 turpi
564 2343 669 2408 fratris
686 2343 836 2410 ducenda
856 2346 1042 2436 triumpho,

274 2463 351 2527 Irati
366 2461 515 2526 subitura
532 2461 650 2548 patris,
677 2461 873 2549 matrisque,
897 2462 1083 2550 sororisque

273 2581 433 2667 Aspectus
454 2581 571 2658 saevos,
586 2575 816 2665 horrendaque
830 2599 1003 2642 murmura
1019 2578 1125 2667 vulgi,

275 2692 460 2777 Quaerimus
482 2692 560 2758 huic
577 2691 674 2757 finem
692 2691 830 2776 damno,
848 2710 1008 2784 certaeque
1023 2694 1140 2776 ruinae,

274 2809 401 2898 Sospite
419 2824 468 2890 te,
491 2808 653 2896 sociisque
672 2807 758 2889 t'uis,
783 2823 815 2872 et
831 2807 921 2896 pube
936 2807 1079 2898 Pelasga.

275 2923 375 3009 Quod
390 2924 417 2988 si
435 2923 636 2989 barbaricam
651 2946 769 2988 vesana
785 2923 936 3012 superbia
953 2941 1095 2988 mentem
1263 2944 1300 2989 tas

260 3125 314 3186 467.
327 3125 359 3170 Et
376 3131 474 3184 ternpera
492 3123 563 3168 dictis.
573 3122 648 3169 Vade.
668 3121 721 3170 eud.
735 3125 847 3182 Quemne.
859 3121 949 3168 Heinsii
963 3131 1028 3169 reeta
1042 3123 1185 3184 conjectura.
1195 3149 1228 3160 -
1247 3123 1301 3180 468.

230 3207 298 3251 Hune
318 3217 412 3249 versum
434 3201 563 3249 omiserunt
586 3203 687 3263 lingent.
717 3201 794 3248 Gulin.
817 3201 908 3263 Grypb.
928 3204 1045 3249 Meruisse.
1061 3200 1164 3265 vuge'u'.
1188 3205 1301 3250 remisse.

229 3281 337 3330 barthius
351 3289 376 3328 et
392 3278 471 3326 noim.
489 3279 555 3340 quod
571 3278 663 3326 admisi.
679 3281 722 3326 Eu,

230 3439 270 3494 dis
295 3436 403 3500 verbis,
426 3449 507 3486 tentat
524 3450 679 3504 gestuum,
700 3455 744 3505 go·
823 3443 965 3505 metens
980 3445 1078 3509 aliquid
1089 3445 1303 3510 metuisseputus?

229 3538 298 3571 mens
314 3519 377 3586 epse,
395 3530 420 3567 et
430 3529 539 3584 tempora
551 3535 648 3568 currere
665 3517 744 3568 diens.
788 3517 922 3573 Hactenus
936 3519 1059 3574 Valerius
1079 3521 1125 3594 qui
1145 3531 1247 3586 morte,
1273 3534 1302 3574 ut

230 3603 330 3652 &urere
349 3594 393 3648 rix
414 3593 502 3646 locum
523 3606 637 3661 tueatur,
660 3613 744 3666 quum
787 3597 908 3662 ridetur,
935 3595 1114 3672 interceptus,
1140 3599 1205 3652 nihil
1231 3601 1301 3655 ultra

229 3683 258 3733 τὸ
280 3691 359 3728 tentat
383 3675 493 3728 verbum
508 3670 633 3745 'requirat
654 3673 745 3728 activa
789 3678 916 3750 scriptum
937 3677 1055 3750 reliquit.
1080 3679 1211 3732 Carminis
1234 3680 1301 3734 illud

229 3753 429 3827 significationis
439 3770 447 3817 ;
456 3753 549 3806 melius
563 3752 644 3824 igitur
656 3759 745 3807 ducere
789 3757 969 3828 fragmentum
982 3757 1068 3828 (Mene
1078 3761 1177 3827 aliquid
1190 3763 1304 3814 rnetuisse

229 3837 273 3890 vel
288 3853 448 3903 quererere-
458 3838 573 3900 (tuerere
591 3851 623 3885 eo
641 3834 745 3888 felicius
785 3839 871 3905 putas)
883 3837 1016 3908 supplevit
1025 3835 1100 3904 Pius,
1119 3851 1145 3891 et
1158 3840 1301 3911 abruptum

229 3913 342 3987 conjecit
355 3909 494 3975 Heinsius,
508 3909 580 3983 quod
597 3924 622 3965 et
635 3912 741 3968 facilem
788 3915 886 3969 Valerii
901 3934 986 3987 opus,
1004 3917 1146 3989 Apollonio
1164 3915 1301 3983 duce,·ad

229 4009 336 4049 sensum
354 3991 452 4064 prebet
467 3991 520 4044 boc
537 3993 664 4058 verbum,
680 4005 706 4046 et
725 4011 742 4046 a
786 3994 866 4047 finem
885 3993 1018 4066 perduxit.
1032 3995 1095 4050 vid.
1111 4011 1128 4050 t.
1145 3999 1170 4062 1,
1189 4015 1217 4068 p.
1230 4015 1305 4062 sun,

229 4085 315 4128 vetere
329 4071 460 4143 scriptura
473 4071 583 4125 minimo
595 4073 683 4126 minus
696 4075 741 4127 ab·
785 4074 965 4144 praefationem
978 4073 1102 4126 editionis
1115 4074 1219 4130 Aldine
1231 4077 1301 4130 cirea

228 4153 306 4208 ludit.
318 4153 369 4205 En.
786 4152 874 4205 finem
886 4153 935 4204 Eu.
1261 4169 1263 4174 ·
