3006 4676
368 682 593 744 ao'cnanrss.
614 691 659 741 sc
683 691 864 742 oansrrss.
884 691 1096 740 senaroaerr

251 898 300 974 D.
331 892 416 974 FR.
446 893 964 976 ELEPHANTUTIUM
999 895 1212 976 BONON.

442 1111 646 1170 tosttttEs
675 1111 889 1168 BAPTISTA
914 1113 1028 1169 PIUS.

612 1339 850 1364 ...o-...-

252 1565 436 1654 Pindarus,
450 1566 580 1637 Atticus
600 1563 690 1652 olor,
709 1568 851 1636 Senator
867 1565 1091 1660 amplissime,
1102 1573 1269 1668 Tempus,

198 1689 351 1758 omnium
368 1702 513 1784 patrem,
527 1701 647 1781 potens
660 1687 819 1782 operibus
836 1687 1009 1782 imponere
1023 1691 1143 1780 finem,
1156 1711 1271 1785 vocat,

197 1811 350 1882 homines
365 1809 504 1881 laudans
522 1835 600 1896 eos,
622 1810 745 1905 quibus
764 1811 869 1880 Parca
889 1809 996 1881 laetam
1015 1839 1090 1884 cum
1112 1815 1268 1890 felicitate

198 1933 367 2004 fortunam
392 1948 510 2004 servat.
531 1931 708 2003 Pindarica
728 1935 891 2004 sententia
915 1935 1012 2006 nobis
1035 1938 1270 2033 impraesentia-

198 2083 274 2128 rum
294 2057 472 2146 convenit,
488 2057 547 2153 qui
567 2054 721 2126 secundis
735 2058 894 2150 temporis
908 2057 1067 2154 auspiciis
1084 2061 1153 2150 usi,
1166 2065 1270 2160 Apol·

198 2179 279 2252 lonii
308 2179 484 2276 Flaccique
512 2180 617 2250 nostri
645 2176 782 2275 pelagus
808 2181 1075 2276 eremigavimus.
1114 2184 1268 2260 Felicitas

198 2329 331 2400 quoque
353 2304 547 2399 tempestiva
565 2303 740 2372 subvenit:
756 2303 878 2373 etenim
897 2305 985 2374 inter
1002 2309 1119 2400 Musas
1136 2327 1267 2384 nostras

197 2430 390 2499 secretiores
414 2427 543 2523 Orphei
566 2427 792 2522 Argonautica
816 2428 914 2496 Latio
938 2432 1157 2526 transcripta,
1181 2459 1267 2530 opus

197 2553 412 2646 Adespoton,
443 2575 512 2620 non
544 2550 711 2644 ingratum
744 2565 880 2638 tamen,
903 2551 1105 2641 invenimus,
1127 2581 1187 2651 per
1212 2584 1266 2628 me

198 2675 333 2771 quidem
346 2673 524 2768 scriptum,
543 2696 611 2742 non
626 2699 665 2742 ex
684 2697 747 2742 me.
766 2675 852 2742 Sunt
867 2674 926 2766 qui
944 2674 978 2742 id
994 2700 1112 2768 poema
1128 2695 1265 2772 putant,

198 2811 233 2868 et
251 2809 443 2868 constanter
465 2809 617 2865 asserunt
639 2794 767 2888 Orphei
793 2795 932 2888 OEagrii
960 2795 1076 2866 loetum
1099 2824 1169 2870 esse
1191 2829 1265 2898 per.

198 2922 372 3017 antiquum
389 2945 399 3006 3
418 2919 512 3016 quod
534 2943 601 2987 non
623 2915 723 2987 semel
743 2917 816 3011 ipse
834 2930 983 2987 testatur.
1010 2921 1171 2993 Nonnulli
1194 2953 1264 2998 cre-
1324 2979 1326 2982 .

198 3044 347 3116 dulitatis
377 3042 487 3139 impiae
516 3041 694 3111 criminant
726 3052 914 3126 auctorem,
934 3055 968 3108 et
997 3041 1038 3110 ad
1063 3059 1261 3145 metempsy-

198 3169 314 3240 chosin
343 3165 600 3263 Pythagoricam
632 3164 754 3234 referre
785 3160 910 3250 solent,
933 3177 970 3233 ut
998 3165 1124 3237 scilicet
1151 3173 1262 3244 anima

197 3290 336 3361 Thracis
350 3288 478 3384 Orphei
495 3288 530 3357 in
549 3288 640 3357 hunc
653 3288 828 3383 Orpheum
847 3285 1110 3361 transvolaverit.
1126 3297 1168 3362 Hi
1189 3300 1262 3367 Sui.

197 3411 273 3482 dam
301 3435 445 3506 graecum
472 3408 687 3504 interpretem
718 3424 921 3504 sequuntur,
939 3411 1018 3505 qui,
1039 3437 1079 3482 ex
1096 3422 1261 3491 sententia

198 3531 422 3630 Asclepiadis,
442 3530 606 3602 diversum
627 3547 737 3602 tumen
760 3531 802 3601 ab
825 3531 881 3602 illo
900 3531 1071 3629 Theologo
1099 3551 1132 3606 et
1152 3542 1264 3637 Argo.

199 3671 301 3726 naute
321 3655 412 3725 hunc
429 3655 605 3750 Orpheum
627 3669 759 3750 poetam
778 3655 944 3743 facientis,
962 3673 1112 3754 tempore
1130 3672 1262 3759 tyranni

198 3779 362 3884 Pisistrati
383 3777 556 3848 florentem
584 3778 680 3848 aiunt
709 3777 875 3872 scripsisse
903 3803 976 3872 quae
1002 3795 1132 3853 exstant
1152 3789 1263 3882 Argo-

198 3903 347 3988 nautica,
369 3903 587 3982 Decaeterias,
606 3899 779 3995 multaque
808 3899 843 3969 id
873 3925 986 3995 genus.
1014 3903 1164 3976 AElianus
1182 3909 1263 3981 falsa

199 4051 299 4121 super
318 4025 457 4120 Orpheo
479 4041 599 4096 cuncta
625 4025 755 4096 censuit
779 4038 812 4094 et
837 4021 1006 4116 sabulosa3
1029 4032 1186 4124 quoniam
1209 4036 1263 4104 Bi·

265 4149 308 4214 11.
1095 4155 1132 4219 18
