3022 4678
252 423 311 462 ω
545 401 579 462 c.
604 381 807 464 vesunu
837 400 1016 464 resecr

336 530 485 618 Cingitur
499 529 574 593 inde
590 531 697 613 sinus,
714 547 747 594 et
764 554 828 619 qua
844 531 905 595 sibi
924 529 986 595 lida
1002 533 1103 622 magis
1120 533 1166 596 vis
1271 551 1308 589 ³⁵⁵

289 644 400 721 Nulla,
416 644 616 709 Prometheae
632 644 743 710 florem
760 645 800 710 de
818 647 974 736 sanguine
994 645 1081 710 fibrae

289 759 496 840 Caucasium,
513 761 638 822 tonitru
652 761 839 846 nutritaque
857 762 1018 850 gramina,
1037 763 1174 850 promit,

290 875 371 954 Quae
387 895 475 937 sacer
490 873 544 938 ilie
560 873 648 937 nives
664 874 749 937 inter
764 874 936 962 tristesque
951 875 1083 962 pruinas

292 986 396 1051 Durat
415 985 545 1075 editque
562 1009 676 1068 cruor,
696 1009 799 1075 quum
816 987 935 1051 viscere
953 987 1063 1052 vultur
1079 986 1175 1051 adeso

290 1101 426 1168 Tollitur
440 1124 458 1164 e
474 1102 632 1191 scopulis,
651 1117 683 1165 et
698 1119 804 1166 rostro
822 1103 937 1165 irrorat
951 1117 1072 1190 aperto.
1269 1115 1307 1152 ³⁶⁰

289 1207 379 1278 Idem
396 1238 456 1280 nec
469 1215 556 1305 longi
571 1216 749 1304 languescit
763 1213 881 1281 finibus
897 1217 955 1280 teri

289 1327 474 1392 immortale
490 1330 596 1393 virens
613 1353 621 1394 :
640 1329 726 1394 idem
741 1347 803 1394 stat
819 1331 954 1408 hilmina
974 1344 1086 1393 contra

289 1441 444 1530 Sanguis,
461 1443 542 1508 etin
561 1441 674 1507 mediis
693 1441 869 1508 florescunt
881 1443 1013 1533 ignibus
1029 1442 1147 1506 herbae.

290 1554 396 1619 Prima
414 1559 532 1622 Hecate
551 1553 666 1648 Stygiis
682 1557 829 1623 duratam
845 1559 990 1623 fontibus
1007 1559 1128 1646 harpen

290 1669 421 1751 Intulit,
439 1688 471 1734 et
488 1669 605 1736 validas
622 1673 761 1762 scopulis
780 1671 894 1738 effodit
909 1672 1036 1737 aristas:
1268 1685 1306 1723 ³⁶⁵

288 1781 363 1845 Mox
381 1783 507 1848 famulae
525 1801 701 1850 monstrata
715 1808 821 1876 seges,
835 1809 906 1874 quae
923 1781 1068 1872 lampade
1082 1781 1219 1846 Phoebes

277 1979 330 2038 357·
343 1982 479 2028 &mmm
490 1984 559 2044 ponit
571 1986 702 2047 nutritaque
712 1987 819 2046 gramina
828 1987 901 2047 ponit.
910 1987 999 2032 Bonon.
1009 1983 1063 2032 cod.
1075 1987 1213 2029 Caueaeeum
1223 1982 1309 2043 promit

247 2061 374 2122 attimart
391 2063 497 2121 samua
513 2064 590 2123 route.
606 2065 672 2110 can.
686 2062 739 2109 eoa.
754 2065 863 2110 ormam
874 2065 947 2126 ponte.
962 2065 1051 2110 soson.
1068 2064 1079 2110 1
1094 2072 1118 2108 u
1135 2062 1167 2106 n.
1185 2061 1228 2106 as.

281 2231 343 2288 355.
357 2237 467 2303 Cthgt'tur
474 2241 531 2289 inde
539 2243 617 2300 sinus,
633 2255 658 2290 et
661 2244 754 2307 promit
833 2241 892 2293 361.
909 2243 977 2291 Idem
990 2242 1089 2308 sanguis
1106 2256 1150 2288 nee
1169 2239 1236 2303 longi
1247 2237 1307 2306 fini-

247 2331 278 2365 ex
294 2315 402 2377 arcula,
422 2335 476 2387 quo
498 2318 599 2372 nullum
623 2321 753 2390 potentius
798 2323 840 2370 bus
852 2322 907 2380 aevi,
920 2317 1091 2371 diuturnitate
1102 2315 1239 2387 temporis,
1251 2318 1306 2364 lau·

245 2404 332 2445 nosset
345 2413 476 2448 venenum
487 2435 494 2460 ,
506 2400 654 2449 Promethea
661 2402 753 2468 florem
794 2401 898 2467 gelescit,
914 2398 967 2450 vim
987 2398 1098 2461 amittit,
1116 2397 1252 2447 imntortole
1265 2396 1305 2443 vu

246 2475 276 2522 de
285 2477 484 2544 sangiunefibroe
491 2478 645 2548 Caucasium',
653 2477 678 2528 in
689 2475 753 2530 Cau·
797 2497 864 2539 rens,
873 2477 1008 2547 perennis,
1017 2475 1216 2548 sempervigens
1224 2489 1232 2537 ;
1239 2475 1305 2522 idem

245 2569 306 2603 caso
320 2565 409 2607 monte
420 2571 434 2606 e
445 2555 572 2626 sanguine
582 2555 678 2628 jecoris
688 2556 753 2609 Pro·
796 2559 1133 2628 stateontrafithnina,qun
1141 2553 1207 2605 nihii
1213 2565 1304 2605 contra

245 2631 345 2696 methei
361 2645 517 2704 prognatum
535 2633 647 2697 florem,
662 2638 752 2686 tonitru
797 2653 857 2686 eum
875 2635 979 2698 valent,
995 2650 1019 2686 et
1036 2639 1061 2686 in
1077 2637 1160 2685 mediis
1169 2637 1307 2704 florescunt

246 2713 386 2778 »intritaque
392 2717 519 2780 gramina,
531 2712 653 2767 eumdem
660 2713 752 2768 florem
796 2718 890 2782 ignibus
900 2718 978 2766 iterun
987 2753 994 2776 ,
1004 2714 1056 2766 hoc
1068 2715 1177 2766 fortasse
1187 2731 1240 2763 non
1250 2711 1305 2764 sine

246 2788 314 2841 inter
333 2791 448 2846 tonitrua
467 2792 568 2844 felicius
587 2812 752 2863 procrescen·
795 2805 915 2864 respectu
925 2793 960 2847 ad
971 2806 1061 2846 tauros
1071 2793 1232 2864 ignivomos,
1242 2810 1305 2862 quo

246 2880 380 2936 temque
388 2872 505 2943 gramina
514 2892 591 2934 sacer,
602 2873 753 2927 veIProme
797 2891 858 2924 rum
874 2871 993 2927 stammas
1011 2873 1066 2924 istae
1089 2870 1178 2925 hei-hee
1199 2881 1304 2942 possent

247 2947 302 3000 thei
320 2949 406 3018 (infra
418 2970 456 3004 vs.
471 2953 541 3006 368:
563 2956 656 3005 saniem
676 2958 753 3024 dei),
797 2952 965 3022 restinguere.

247 3027 288 3079 vel
299 3029 431 3083 veneficiis
446 3029 754 3098 destinatus,eruoruives
833 3031 893 3094 364.
915 3031 1003 3084 Prima
1020 3030 1117 3082 Hecate
1134 3031 1240 3095 harpen,
1258 3027 1304 3081 fal-

247 3110 309 3158 iuter
322 3112 445 3176 tristesque
453 3114 572 3177 pruinas,
583 3129 629 3181 per
639 3112 734 3183 frigora
745 3150 752 3175 ,
797 3126 854 3160 cem
864 3145 872 3171 ,
884 3109 997 3160 cultrum
1010 3145 1017 3166 ,
1027 3111 1114 3176 Stygiis
1115 3111 1241 3176 fontibus,
1251 3109 1305 3178 Sty-

245 3184 360 3253 hiemes,
380 3191 454 3238 durat
475 3191 586 3255 editque,
603 3189 708 3243 indurat
728 3203 754 3243 et
797 3205 847 3258 ge,
861 3190 987 3247 ditrutam,
1002 3199 1031 3239 ut
1045 3187 1163 3259 chalybis
1180 3185 1304 3240 duritiem

247 3265 364 3319 marcida
382 3264 459 3328 iacit3
475 3285 550 3333 quum
569 3269 672 3328 vacere,
686 3268 752 3338 jeci·
796 3265 903 3318 hahere!
913 3305 920 3332 ,
932 3269 1023 3329 intulit,
1037 3266 1071 3320 ad
1084 3265 1200 3320 radicem
1213 3285 1305 3318 eruen-

245 3363 311 3396 nore
322 3343 485 3408 Promethei,
502 3348 587 3396 uultur
600 3349 688 3408 adeam
705 3345 752 3399 de·
796 3341 1000 3413 dumadmovit,
1011 3361 1035 3398 et
1041 3349 1151 3406 validat,
1161 3344 1304 3398 admodum

245 3436 337 3492 pasto,
352 3427 451 3483 tollitur,
468 3423 494 3475 in
510 3443 598 3476 aerem
616 3424 721 3486 avolat,
739 3443 753 3476 e
796 3423 902 3487 noxias,
923 3444 1081 3490 venenosas,
1100 3429 1204 3492 seopulis
1218 3426 1305 3493 effiadit

245 3505 363 3568 scopulis,
382 3517 406 3554 et
419 3519 497 3554 rostro
514 3508 619 3566 irrorat,
632 3522 755 3576 consper·
797 3505 994 3564 aristas,caules
1007 3523 1069 3557 cum
1081 3501 1198 3556 floribus.
1299 3529 1301 3532 ·

246 3580 300 3650 git,
321 3597 413 3649 aperto.
431 3583 516 3635 Totus
534 3582 625 3648 locus,
648 3584 754 3637 mutatis
833 3582 891 3636 366.
902 3586 1073 3652 iloaesamuioe
1082 3597 1218 3634 monstratu
1227 3601 1304 3650 seges,

247 3671 334 3713 tarnen
352 3661 465 3714 subinde
482 3661 631 3726 coloribus,
647 3661 752 3720 desum-
797 3659 894 3714 Hecate
906 3660 975 3722 hauc
988 3661 1098 3714 herbam
1113 3672 1305 3713 monstraverat

247 3741 754 3814 ptusexhpolionio,111,851sq.Lu-
797 3738 912 3804 Medeae,
932 3761 987 3808 quae
1007 3743 1122 3808 lampade
1144 3743 1242 3792 Phoebes
1261 3743 1305 3792 sub

196 3816 201 3828 '
248 3819 370 3871 xuriatur
382 3833 476 3890 poeta,
487 3832 567 3892 atque
580 3839 684 3892 magum
698 3821 753 3893 ipse
798 3821 902 3880 άεοὲιηα,
929 3818 1033 3872 decimo
1054 3831 1113 3890 post
1139 3818 1303 3871 novilunium

249 3896 353 3950 videtur
365 3900 464 3971 egisse,
480 3901 515 3952 ita
528 3919 620 3971 parum
640 3920 755 3973 compre·
797 3899 858 3967 die,
878 3899 925 3952 ubi
945 3898 1008 3951 luna
1032 3917 1142 3970 pernox,
1158 3902 1223 3966 juga
1237 3902 1303 3966 soete

248 3977 328 4030 hendi
342 3981 469 4032 nonnulla
486 3979 565 4033 etiam
582 3981 609 4033 in
625 3982 754 4053 sequenti·
798 3979 922 4040 Caucasi,
947 3977 988 4030 his
1016 3977 1104 4031 herbis
1129 3975 1303 4038 abundantis,

248 4057 298 4110 hus
315 4072 433 4128 possunt.
450 4060 482 4112 Iu
497 4072 583 4113 mente
600 4072 688 4113 tamen
709 4061 755 4114 ha·
799 4062 878 4120 metit,
888 4056 960 4128 quod
974 4058 1090 4130 apposite
1108 4057 1142 4111 ad
1157 4055 1304 4130 praeceden-

247 4137 334 4192 unisse
343 4138 446 4192 videtu·
456 4142 591 4216 Colelicrun
606 4145 754 4206 autumnale.
800 4149 852 4191 tem
862 4149 985 4207 segetem.
