3002 4680
429 388 820 456 ARGONAUTICON
847 390 933 455 LIB.
954 389 1014 454 vt.
1244 392 1264 458 5

231 503 313 566 fluvii
334 502 464 591 Phasidis
486 501 680 576 sacerdotem,
703 503 821 576 incidit,
843 504 894 582 qui
915 504 1005 564 filium
1025 503 1073 582 (G)
1094 507 1222 584 Cyrnum
1244 526 1263 564 e

232 595 334 673 praelio
346 608 533 655 revocaturus
548 595 579 653 in
594 615 728 675 campum
745 608 871 656 venerat.
887 601 952 656 Hoc
962 611 1130 676 perempto,
1142 598 1261 658 obviam

231 687 286 746 sibi
300 689 407 748 factum
423 688 475 766 (H)
489 687 649 760 Canthum,
664 693 881 768 Argonautarn,
902 689 985 748 hasta
1001 689 1139 750 confodit.
1161 692 1261 752 Advo-

231 780 292 838 lant
307 777 391 864 (l-N)
401 785 576 859 Argonauta
590 779 672 851 Idas,
687 781 842 860 Meleager,
856 783 1029 854 Menoetius,
1043 783 1161 856 Pollux,
1171 785 1257 844 Tela-

231 890 320 944 m0u3
348 885 379 932 et
402 872 601 951 gravissimum
626 873 719 932 oritur
746 887 892 934 certamen
917 873 954 932 de
975 875 1080 934 Canthi
1099 875 1261 948 cadavere,

232 963 311 1041 quod
324 963 476 1024 Telamoni
492 963 608 1024 tandem
623 965 763 1045 contingit
784 968 916 1046 eripere,
933 981 963 1026 ct
984 969 1014 1028 in
1036 968 1085 1048 (0)
1104 971 1264 1050 Euryales,

113 1109 118 1120 ,
229 1063 411 1116 Amazonum
427 1056 548 1134 reginae,
565 1077 655 1116 curru
675 1058 779 1117 locare.
800 1059 924 1138 Euryale
945 1061 1008 1139 ipsa
1028 1061 1136 1120 sociam
1158 1081 1189 1119 sc
1210 1061 1260 1121 dat

231 1151 422 1228 Argonautis,
444 1149 539 1210 securi
559 1150 643 1210 letale
656 1151 762 1210 vulnus
777 1151 880 1230 infligit
893 1151 1061 1232 Cesandro,
1077 1152 1128 1230 qui
1143 1152 1261 1211 tanderu

230 1241 422 1301 moribundus
436 1241 561 1314 corruit,
574 1242 711 1318 279-385.
727 1243 914 1302 Ariasmenus
930 1243 1040 1302 falcatis
1055 1242 1188 1301 curribus
1201 1263 1263 1302 rua-

144 1359 148 1368 ·
231 1353 316 1413 gnam
331 1336 453 1394 intentat
467 1334 582 1393 Colchis
595 1334 724 1407 cladem,
737 1336 774 1394 ad
788 1355 875 1414 quam
891 1333 1079 1394 avertendam
1091 1335 1155 1413 ipsa
1166 1335 1260 1396 Pallas

229 1427 359 1488 Medusae
372 1441 460 1506 caput
472 1425 625 1500 admovet,
641 1447 701 1506 quo
717 1428 840 1498 sactum,
854 1441 889 1486 ut
902 1429 972 1505 equi
990 1429 1166 1488 consternati
1179 1441 1262 1490 retro

231 1533 432 1594 verterentur,
452 1540 611 1598 currusque
632 1520 772 1598 implicati
796 1521 875 1600 ipsos
897 1519 1032 1578 dominos
1054 1520 1260 1592 conciderent,

230 1615 384 1692 ipsumque
399 1615 618 1684 Ariasmenum‚
638 1611 781 1680 386-426.
802 1615 866 1670 Jaru
881 1629 952 1668 vcro
970 1616 1047 1669 Juno
1064 1611 1109 1670 his
1125 1611 1261 1670 omnibus

231 1709 329 1766 Jasoni
343 1727 396 1766 suo
410 1706 519 1766 aditum
533 1701 569 1762 ad
580 1723 700 1762 aureum
711 1703 803 1762 vellus
814 1723 873 1760 non
887 1701 994 1781 pandi,
1007 1703 1096 1762 immo
1107 1723 1179 1761 vero
1194 1723 1262 1762 cum

230 1797 406 1856 flammiferis
424 1797 514 1856 taurin
528 1795 711 1873 Cadmeaque
728 1807 824 1872 segete
846 1793 1053 1854 decertandum
1073 1797 1136 1854 sore
1152 1796 1260 1873 praeri-

232 1887 478 1961 deusdedem,
493 1889 610 1966 magica
630 1888 741 1966 quippe
759 1888 828 1948 artis
847 1887 1066 1966 peritissimum,
1078 1907 1168 1946 unam
1181 1907 1261 1960 esse,

232 1981 317 2058 cujus
329 1999 386 2058 ope
403 1985 538 2040 Jasonem
551 2001 569 2040 a
584 1979 720 2059 periculis
735 1979 858 2039 liberare
871 1980 980 2060 possit,
1001 1981 1158 2052 existimat,
1180 1999 1259 2062 prae-

232 2075 347 2146 sertim,
363 2074 388 2132 si
402 2073 515 2134 artibus
528 2075 645 2154 magicis
659 2095 742 2134 arnor
756 2074 869 2133 Iasonis
884 2071 1018 2144 accedat,
1033 2074 1176 2149 4277454.
1191 2073 1262 2132 Adit

233 2187 302 2244 ergo
318 2169 479 2239 Venerem,
503 2187 568 2244 quae
588 2179 617 2224 et
638 2167 783 2244 cingulum
805 2165 873 2238 dat,
896 2179 925 2223 et
951 2159 1140 2240 obsequiosus
1161 2183 1261 2222 omnes

232 2265 354 2322 Amores
368 2278 449 2330 suos,
462 2259 606 2332 455-477.
621 2257 734 2333 Quibus
746 2257 881 2318 subsidiis
891 2260 1044 2326 instructa,
1061 2255 1190 2328 Medeae,
1206 2257 1259 2314 ad-

232 2365 346 2429 sumpta
359 2351 529 2430 Chalciopes
542 2353 651 2411 sororis
664 2366 694 2411 et
707 2353 781 2411 facie
795 2367 824 2411 et
837 2367 923 2422 voce,
936 2350 1099 2430 persuadet,
1111 2363 1144 2407 ut
1155 2351 1260 2408 moenia

232 2464 329 2504 securo
352 2445 505 2518 ascertdat,
521 2445 558 2504 ad
573 2445 659 2506 sortia
670 2451 905 2524 Argonautarum
922 2444 998 2502 sacta
1009 2441 1179 2520 spectanda,
1194 2444 1261 2514 478-

234 2538 301 2599 506.
321 2543 402 2598 Inter
428 2528 540 2596 m'utuas
562 2537 654 2598 caedcs
677 2539 804 2598 eminent
819 2535 989 2596 fortitudine
1000 2533 1145 2614 Absyrtus
1167 2549 1196 2593 et
1215 2533 1261 2614 (P)

232 2635 331 2702 Aron,
344 2643 373 2688 et
387 2628 437 2709 (Q)
447 2636 557 2708 Argus,
572 2629 776 2710 liliusPltryxi,
789 2629 841 2714 (R)
858 2629 967 2700 Calais,
982 2634 1159 2706 Argonauta,
1171 2629 1262 2706 (s-T)

232 2725 359 2799 Eurytus
372 2735 401 2780 et
414 2726 529 2792 Nestor,
542 2721 641 2780 itidem
652 2729 843 2800 Argonautae,
857 2722 1001 2794 507-574.
1015 2727 1078 2780 Prae
1090 2721 1153 2780 aliis
1164 2733 1260 2778 tamen

231 2813 368 2874 omnibus
388 2820 523 2873 Jasonem
545 2815 637 2872 oculis
657 2815 844 2892 prosequitur
867 2814 989 2885 Medea,
1013 2814 1104 2892 magis
1126 2813 1222 2872 adhuc
1244 2833 1261 2872 a

231 2912 347 2966 Junone
369 2907 501 2979 incitata,
521 2905 661 2980 575-601.
685 2905 793 2966 Eadem
810 2912 887 2966 Jnno
907 2902 1001 2986 ipsum
1022 2909 1156 2964 Jasonem
1177 2905 1261 2962 novis

233 2999 343 3060 viribus
356 3000 488 3072 instruit,
501 3013 533 3058 ut
544 2999 656 3060 Medeae
670 3019 732 3058 sese
742 2997 829 3056 rebus
843 2995 980 3078 praeclare
992 2995 1126 3074 gerendis
1138 2995 1260 3074 probet,

231 3093 369 3152 lion-620.
384 3099 492 3152 Praeter
505 3092 577 3150 alios
591 3092 737 3151 minorum
749 3092 876 3170 gentium
888 3090 986 3162 duces,
998 3109 1073 3167 quos
1084 3107 1184 3146 omnes
1201 3091 1263 3148 fun-

231 3185 293 3258 dit,
310 3199 415 3246 contra
429 3205 495 3246 eum
509 3185 631 3264 insurgit
643 3186 780 3256 Colaxes,
798 3184 888 3262 ipsius
900 3183 980 3242 lovis
993 3173 1085 3253 lilius,
1101 3182 1152 3260 qui
1167 3181 1260 3260 pluri-

233 3277 289 3338 bus
308 3279 437 3349 Colchis,
456 3278 486 3338 in
501 3279 545 3338 his
558 3278 608 3357 (tt)
622 3276 738 3354 ¹lydm,
756 3277 898 3336 destinato
914 3277 995 3335 fluvii
1012 3274 1144 3336 Phasidis
1164 3293 1262 3334 sacer-

231 3370 310 3442 dote,
318 3371 466 3446 consectis,
473 3371 612 3449 impetum
624 3369 739 3429 tandem
750 3367 819 3428 facit
825 3369 854 3426 in
863 3374 999 3428 Jasonem
1009 3388 1079 3428 sano
1089 3367 1263 3447 pregrandi,

231 3461 310 3540 quod
323 3475 419 3520 tamen
427 3467 504 3522 Juno
519 3461 555 3521 ad
571 3462 657 3522 alium
670 3462 783 3520 avertit
795 3458 922 3522 Advolat
934 3467 950 3520 J
953 3481 1038 3534 ason,
1051 3474 1080 3520 et
1090 3460 1262 3538 jactatorem
1301 3471 1304 3477 '

233 3555 331 3612 lancea
344 3552 487 3626 confodit,
503 3555 647 3612 θαι-656.
661 3555 712 3614 His
725 3553 860 3614 omnibus
869 3553 975 3613 Medea
987 3553 1124 3631 abrepta,
1136 3567 1179 3625 et,
1189 3554 1260 3632 quid

232 3659 313 3724 agat,
330 3647 444 3720 nescia,
459 3647 601 3706 simulatae
615 3647 724 3706 sororis
739 3647 848 3706 monile
862 3647 985 3724 (cestutn
995 3648 1132 3720 Veneris)
1145 3660 1263 3704 contre-

231 3749 299 3810 ctat,
311 3757 404 3816 eoque
416 3739 452 3798 ad
465 3759 594 3798 amorem
605 3740 882 3819 magisincenditar,
894 3741 1047 3817 sororique
1059 3739 1096 3798 de
1107 3738 1262 3818 peregrino

232 3843 290 3888 tam
300 3832 368 3890 forti
377 3833 600 3900 sollicitudinem
615 3835 722 3892 latetur
735 3853 831 3908 suam3
844 3854 903 3914 quo
914 3835 1001 3906 facto,
1014 3839 1091 3894 Juno
1102 3852 1165 3894 eam
1178 3831 1262 3891 reliu-

231 3923 309 4001 quit‚
325 3924 468 4000 657-680.
489 3925 593 3985 Medea
611 3925 707 4006 pergit
726 3925 764 3985 de
786 3945 871 3986 muro
895 3939 1027 4004 spectare
1047 3925 1193 4004 praelium,
1213 3922 1261 3982 cui

231 4037 322 4096 quum
336 4037 366 4076 se
382 4019 582 4078 immiscuisset
597 4017 645 4099 (V)
664 4023 813 4097 Myraces,
828 4018 1003 4078 Parthorum
1017 4018 1094 4098 regis
1110 4017 1147 4075 ad
1162 4022 1264 4076 AEeten

232 4111 356 4192 legatus,
371 4132 388 4170 a
403 4115 496 4190 Syene
510 4113 658 4186 sternitur,
668 4110 748 4192 quod
765 4127 859 4172 umen
873 4109 1023 4184 Medeam,
1036 4110 1066 4167 in
1081 4109 1143 4168 solo
1158 4113 1262 4168 Jasoue
