2994 4702
220 375 284 446 316
663 373 851 446 ORPHEI

308 511 485 598 Postquam
501 512 606 602 Argus
620 533 733 576 vocem
746 535 821 576 vera
834 510 986 577 audivere
1000 511 1185 599 loquentis,

263 625 448 691 Consedere
465 626 520 692 citi
535 627 570 690 in
587 626 752 710 transtris,
769 649 943 716 remosque
959 627 1074 692 tulere.

263 747 308 806 At
323 740 425 804 multa
441 743 579 806 Ancaeus
598 757 764 808 temonem
784 741 894 832 dirigit
908 757 993 825 arte,

264 855 441 944 Insulaque
456 871 534 920 ante
551 877 666 920 omnes
682 855 823 921 offertur
839 857 962 939 lernis,
978 871 1011 920 et
1029 857 1119 944 Argo
1248 888 1300 926 117⁰

266 971 456 1060 Insequitur
471 987 621 1037 metuens
637 988 740 1038 atram
758 994 826 1038 non
844 973 942 1037 stulta
956 972 1131 1061 procellam
1144 993 1153 1051 3

265 1085 410 1175 Velaque
425 1085 637 1176 franguntur5
656 1088 758 1152 currit
773 1103 883 1152 tamen
901 1066 954 1152 illa
970 1107 1158 1175 persequor

266 1205 390 1288 Anxia,
408 1205 497 1271 nulla
514 1206 632 1270 iterum
649 1206 795 1297 fugiendi
814 1204 958 1294 denique
973 1204 1029 1269 leti

267 1319 349 1408 Spes
366 1335 453 1402 erat,
472 1335 506 1385 et
521 1319 674 1386 duodena
688 1320 758 1386 dies
770 1322 837 1402 jam
854 1317 1007 1404 fluxerat,
1025 1341 1065 1384 ex
1082 1341 1151 1408 quo

265 1435 375 1524 Ignari
391 1434 543 1501 vehimur
560 1436 681 1524 quibus
697 1457 879 1500 erraremus
895 1435 929 1498 in
946 1435 1022 1500 oris.
1249 1443 1301 1496 ¹¹⁷⁵

265 1549 331 1616 Sed
343 1565 452 1614 tamen
470 1551 592 1616 Oceani
609 1567 756 1616 extremo
773 1573 835 1615 nos
852 1550 997 1639 margine
1013 1548 1090 1613 ferri

176 1732 179 1740 ,
267 1663 435 1755 Cognomt
449 1665 614 1754 Lynceus,
635 1681 809 1754 conspecta
826 1674 959 1754 quoque
976 1665 1104 1728 eminus
1120 1662 1166 1728 illi

266 1780 376 1845 Insula
393 1779 579 1846 Peuceessa.
596 1781 724 1846 Cereris
740 1780 857 1870 regalia
873 1795 953 1844 sunt
968 1779 1023 1843 hio

266 1893 382 1982 Ampla
400 1891 486 1976 deas,
503 1909 536 1958 et
548 1894 652 1960 nubes
668 1895 738 1959 haec
751 1893 949 1959 circumfusa
966 1907 1120 1974 coronat,

268 2009 439 2093 Quorum,
456 2031 673 2099 quaecumque
689 2026 756 2092 est,
774 2033 812 2075 ex
830 2032 881 2074 me
895 2009 954 2074 tibi
972 2009 1080 2074 fabula
1096 2023 1234 2088 constat,
1251 2032 1301 2070 nso

267 2125 498 2213 Persephonen
514 2126 601 2216 soliti
616 2143 654 2191 ut
668 2142 813 2193 teneram
830 2125 910 2192 dum
926 2125 1037 2191 sedula
1052 2123 1147 2190 llores

267 2239 400 2330 Colligit
416 2239 450 2303 in
467 2262 587 2330 magno
602 2242 748 2330 germani
766 2241 875 2306 fallere
892 2240 984 2323 luco,

266 2352 403 2442 Navigio
420 2368 532 2418 vectus
548 2353 607 2418 sed
623 2355 715 2442 equis
733 2354 791 2419 ubi
808 2354 900 2419 frena
914 2354 1040 2437 jubosis

269 2470 466 2560 imponens,
482 2469 563 2534 vidit
578 2469 752 2535 Parcarum
771 2469 891 2536 foedere
909 2469 1007 2535 Pluto
1108 2473 1110 2480 ’
1175 2556 1178 2566 Ι
1235 2473 1241 2488 ’

274 2561 315 2646 Vi
334 2581 465 2648 flentem
482 2583 606 2672 rapuit,
620 2584 783 2672 traxitque
798 2584 937 2649 Atlantis
955 2583 990 2647 in
1007 2603 1129 2672 sequor.
1252 2594 1301 2633 ¹¹⁸⁵

316 2697 415 2764 Nunc
433 2697 641 2788 desperatum
659 2714 708 2764 est
726 2721 786 2764 nos
804 2721 900 2788 posse
914 2713 1023 2787 optata
1039 2713 1150 2762 tenere

267 2815 395 2894 Litora,
414 2817 481 2881 sire
498 2816 582 2882 ullos
598 2817 744 2906 contingi
761 2817 815 2880 hie
832 2815 974 2904 denique
991 2813 1094 2895 lines,

268 2931 322 2996 Ad
341 2955 413 3021 quas
430 2955 498 2997 nou
515 2932 589 2998 ullas
604 2949 737 2997 vermnt
756 2954 815 2998 sua
829 2932 928 2996 lintea
951 2952 1089 3020 puppes.

267 3047 352 3112 Nam
371 3070 479 3136 neque
499 3049 606 3114 clausa
623 3047 715 3135 palus
730 3061 870 3135 pontum
885 3043 1092 3110 venientibus
1108 3043 1225 3122 offert,

267 3164 331 3232 Sed
347 3163 473 3253 seopuli
489 3163 625 3243 ¹cirrum,
642 3175 855 3250 porrectaque
873 3181 948 3224 saxa
965 3143 1132 3222 feruntur
1253 3185 1303 3224 ¹¹⁹⁰

269 3287 307 3350 ln
324 3281 479 3371 pelagus,
496 3291 628 3367 generat
645 3274 763 3340 fluetus
780 3275 1000 3365 pulcherrima
1018 3273 1117 3338 dona.

269 3401 311 3465 At
328 3419 395 3461 non
410 3397 567 3459 Ancaeum
584 3407 744 3457 rectorem
759 3392 877 3481 puppis
892 3391 1027 3456 adnncoe

271 3516 350 3603 Spes
367 3533 426 3576 sua
441 3509 606 3591 destituit,
628 3508 751 3572 circum
775 3507 833 3572 sed
849 3507 1038 3572 obambulat
1055 3529 1181 3588 errans,

273 3629 372 3696 Nunc
390 3625 475 3690 latus
493 3625 527 3688 iu
542 3624 659 3689 laevum
676 3619 760 3687 llexo
776 3639 924 3703 temone,
939 3643 1000 3686 nec
1017 3621 1083 3686 illic

272 3745 353 3810 Viso
369 3741 475 3824 aditu,
487 3741 522 3804 in
537 3739 682 3804 dextram
698 3737 814 3804 direxit
829 3738 927 3802 lintea
940 3751 1075 3827 partem.
1254 3759 1305 3810 ¹¹95

317 3857 427 3923 Tertia
441 3856 498 3920 lux
514 3851 644 3918 tandem
660 3852 811 3942 perduxit
820 3853 855 3916 in
875 3852 955 3917 atria
973 3851 1081 3916 Circes

274 3977 404 4057 Lintea,
421 3989 559 4059 tumque
575 3971 638 4035 loci
655 3986 765 4058 petere
780 3969 934 4034 interiora
949 3968 1115 4050 jubemus.

274 4093 343 4159 Nos
359 4111 513 4180 quoque,
537 4107 596 4151 nos
612 4087 686 4151 laeto
699 4087 763 4166 jam
779 4086 873 4150 litora
889 4084 1054 4173 poscimus
1073 4105 1172 4163 ausu,
