2994 4702
476 359 916 429 nnsonnurtnutt.
1162 363 1223 428 355

167 485 367 566 casum,jam
383 484 540 550 Venerem
555 499 666 564 vocat,
679 481 765 562 ἑρυκος
778 487 927 562 putrescas,
944 487 1086 570 reginam
1096 485 1205 570 Emis
1214 539 1224 569 ,

169 592 201 655 id
213 609 277 672 est,
287 591 462 656 Sclrnliaste
472 589 757 678 explicante,urbit
765 590 890 674 Epeo:
900 590 926 654 si
940 590 1027 654 enirn
1040 591 1133 655 Buroe
1143 593 1226 658 filius

169 699 260 782 Eryr‘r
268 745 277 774 ‚
294 719 333 758 eo
344 712 489 784 tempore
501 693 577 758 urbs
588 711 674 758 certe
687 695 782 778 Eryx
794 692 940 758 nondum
953 711 1036 776 erat,
1053 698 1102 764 vel
1112 700 1225 771 saltem

168 825 208 864 eo
221 801 352 864 nomine
367 799 511 889 insigniri
522 821 588 861 non
607 813 745 888 poterat,
764 799 823 862 nisi
840 810 955 880 πρόληψιν
969 819 1163 886 statuamus,
1180 806 1228 870 vel

168 907 272 970 Buten
288 906 379 969 illum
396 903 557 970 diversum
573 903 613 968 ab
623 913 820 994 Argonauta.
833 907 926 970 Certe
943 907 1076 972 Diodor.
1092 911 1152 977 Sic.
1171 912 1227 977 lib.

61 1071 65 1080 .
169 1021 226 1102 lv,
245 1043 276 1110 p.
300 1019 377 1106 196,
392 1018 536 1106 loquitur
551 1015 591 1080 de
607 1017 700 1095 Bure,
718 1034 754 1080 ut
771 1017 883 1108 ignoto
897 1020 945 1084 rel
962 1020 1135 1114 indigena:
1154 1047 1227 1090 nam

170 1127 302 1211 Erycem
312 1123 411 1189 filium
421 1123 527 1204 Braoe,
539 1133 657 1198 fiscale<
670 1132 796 1202 ἐγχωρίου,
807 1121 895 1188 dicit.
906 1125 1117 1212 Polycaonem
1126 1129 1227 1196 filium

169 1231 262 1296 Butoe
273 1246 427 1294 memorat
438 1229 572 1296 Pausan.
591 1228 644 1292 lib.
663 1227 719 1311 lV,
739 1251 776 1310 a,
791 1252 888 1318 quern
904 1231 1031 1320 ignoro.
1046 1234 1156 1316 Alius,
1171 1237 1228 1300 sed

171 1336 354 1428 ignorabilis
380 1337 490 1426 plane,
516 1336 609 1400 Butes
637 1352 835 1404 memoratur
861 1337 901 1400 ab
930 1338 1103 1428 interprete
1130 1344 1227 1406 veteri

172 1443 271 1508 lbidis
281 1442 460 1523 Ovidianae,
471 1465 516 1506 vs.
532 1443 613 1528 6093
627 1442 668 1506 de
685 1465 752 1532 quo
766 1441 856 1526 vide,
869 1445 993 1534 quesibi
1008 1445 1157 1513 diximus.

216 1681 409 1762 CAENEUS,
427 1681 509 1748 Elati
537 1679 640 1762 filius,
657 1680 698 1744 ab
725 1682 855 1770 Hygino
881 1683 951 1748 solo
976 1683 1116 1748 refertur
1147 1685 1231 1750 inter

172 1795 389 1878 Argonautas;
413 1787 469 1855 sed
503 1787 685 1876 suspicatur
719 1786 915 1868 Munlterus,
940 1789 992 1854 hie
1019 1789 1166 1878 quadam
1192 1815 1231 1856 ex

175 1895 347 1983 Apollonio
364 1917 384 1960 a
410 1894 585 1983 glossatore
605 1891 749 1980 quodam
772 1893 946 1982 descripta,
963 1895 1019 1982 qui
1038 1896 1156 1962 emat
1172 1901 1231 1962 Ar·

173 2017 323 2089 gonautae
343 1999 550 2081 memoriam,
564 2000 657 2080 cujus
680 2015 771 2086 pater
793 2000 856 2067 luit
880 1999 1024 2080 Canens,
1043 2003 1144 2066 voluit
1161 2003 1234 2066 illn-

174 2119 292 2186 strare,
310 2103 400 2192 quod
417 2119 524 2168 tamm
541 2104 650 2171 nescio
665 2127 707 2168 an
724 2103 926 2191 persuadeat,
942 2129 1045 2193 quum
1069 2107 1103 2170 in
1122 2109 1234 2173 ultima
1315 2099 1318 2106 ’

176 2225 265 2298 parte
302 2210 386 2276 illius
418 2210 531 2298 capitis
564 2212 602 2288 14
634 2226 798 2274 recenseat
831 2211 929 2274 Crura
956 2211 1108 2293 alternat,
1140 2215 1248 2278 Com--

174 2317 221 2378 nis
229 2309 346 2400 filium
359 2313 434 2400 (uhi
451 2331 538 2382 certe
552 2311 768 2399 Coronifih'ru
790 2315 1001 2403 legendum),
1014 2341 1113 2406 quem
1132 2321 1235 2384 nemi-

175 2443 250 2484 nem
266 2421 391 2484 novisse
407 2421 468 2500 ait,
484 2443 587 2509 quum
601 2419 739 2484 Coranus
755 2419 851 2486 luerit
867 2419 951 2486 lilius
963 2421 1087 2503 Coenei5
1100 2441 1132 2488 at
1149 2444 1236 2490 certe

177 2527 246 2592 loca
262 2527 313 2590 illa
329 2526 448 2614 Hygini
467 2527 547 2590 male
562 2527 674 2590 allecta
693 2547 761 2589 esse
778 2525 963 2592 credibilius
979 2547 1045 2608 est,
1066 2532 1140 2618 quia
1164 2556 1239 2596 nus·
1359 2549 1362 2553 ’

177 2655 275 2720 quam
291 2633 411 2696 mentio
430 2631 545 2694 Coroni
559 2629 717 2708 occurrit,
731 2653 828 2716 quern
846 2631 898 2693 alii
913 2631 1128 2700 adnumerant
1142 2640 1239 2726 Argo·

179 2738 300 2804 nautis:
314 2757 413 2823 quare
430 2736 463 2798 iu
480 2735 583 2822 primo
601 2735 673 2798 loco
687 2735 881 2803 assentimur
891 2737 1057 2804 Schellero
1080 2757 1113 2803 et
1137 2741 1237 2804 Mun·

178 2843 273 2922 kero,
293 2842 351 2929 qui
377 2864 497 2905 nomen
525 2840 639 2904 Coroni
660 2837 813 2906 excidisse
836 2841 989 2923 credunt,
1012 2863 1045 2908 et
1068 2847 1237 2934 supplent,

181 2947 320 3012 Coranus
335 2945 441 3012 canet
450 2941 548 3028 filius
556 2991 565 3022 ,
580 2943 653 3010 urbe
666 2942 813 3027 Gyrtone.
825 2944 1016 3012 scholiastes
1026 2964 1132 3012 tamen
1146 2953 1241 3038 Apol·

179 3051 273 3135 lonii,
295 3053 325 3134 l,
348 3052 401 3137 57,
419 3049 513 3128 dicit,
533 3045 690 3135 quosdam
717 3045 847 3129 Coenea,
873 3071 938 3116 non
972 3051 1127 3118 Coronam
1155 3056 1239 3120 inter

181 3162 379 3248 Argonautas
403 3155 557 3222 retulisse.
576 3155 670 3218 Forte
684 3152 752 3218 haeo
773 3155 922 3220 confusio
942 3157 1018 3222 inde
1042 3175 1130 3242 nata,
1149 3163 1239 3248 quod

181 3263 310 3350 quidam
336 3265 464 3344 Caenea,
483 3283 548 3326 non
573 3259 654 3322 Elati
679 3256 795 3339 filium,
809 3260 866 3326 sed
884 3263 980 3328 etiam
997 3266 1118 3328 Coroni
1138 3265 1239 3332 lilium

183 3371 328 3449 l'eccrint,
342 3391 424 3456 quos
440 3381 595 3454 sequutus
612 3364 758 3452 Hyginus
774 3364 853 3445 luit3
866 3367 907 3430 ita
922 3385 1007 3432 certe
1017 3387 1132 3434 auctor
1143 3372 1242 3436 Scho-

181 3473 297 3538 liorum
320 3473 467 3553 Homeri,
483 3473 515 3534 in
537 3470 627 3536 lliad.
644 3469 693 3550 ll,
712 3468 790 3555 745,
805 3479 953 3547 tantitas,
970 3493 1006 3538 ut
1022 3475 1066 3540 ihi
1082 3479 1241 3543 Leonteus

183 3596 325 3658 vocatur,
337 3579 471 3666 explicat
483 3590 606 3648 tantur,
618 3585 708 3650 salte
722 3589 842 3660 tosta.
865 3581 997 3644 Carrion
1010 3583 1163 3671 Catalogo
1180 3608 1241 3648 suo

184 3684 350 3772 adscripsit
368 3708 498 3772 quoque
518 3685 649 3763 Caenea,
666 3703 703 3752 ut
719 3686 759 3753 ab
782 3687 915 3775 Orpheo
937 3705 1171 3773 memoratum3
1185 3691 1241 3754 sed

184 3790 250 3869 ille,
263 3812 307 3853 vs.
327 3791 397 3876 167,
415 3789 455 3854 de
474 3791 665 3878 Polyphemo
680 3793 787 3856 Caenei
803 3791 899 3856 fratre
917 3793 1001 3880 agit,
1019 3817 1084 3860 non
1107 3794 1148 3859 de
1170 3797 1240 3884 ipso

186 3895 319 3978 caneo,
341 3895 401 3960 nisi
421 3896 453 3960 in
477 3914 630 3985 corrupto
654 3899 708 3961 illo
722 3919 816 3965 versu
840 3899 900 3964 168
925 3899 1240 3966 stercoremus

185 4002 302 4064 Caeneo
317 4023 393 4064 vero
409 4003 614 4088 Lapitharum
635 4005 667 4066 in
686 4027 812 4093 pugna,
838 4005 972 4092 ejusque
999 4009 1159 4073 miraculis
1176 4007 1239 4070 rid.

187 4103 280 4168 Ovid.
304 4105 487 4190 xl11,r59
511 4123 542 4172 et
568 4131 634 4195 seq.
657 4109 713 4174 ubi
737 4127 768 4176 et
791 4109 935 4175 Elateius
960 4109 1078 4176 dicitur
1097 4135 1141 4176 rs
1168 4116 1242 4196 497.

1048 4230 1098 4293 23.
