3002 4680
240 342 281 405 72
343 317 396 381 IN
425 316 514 380 LIB.
537 313 743 378 SEXTUM
772 315 1189 385 ARGONAUTICON

233 429 532 500 persemetipsum
551 429 718 500 jungentium
741 445 848 482 cursum
868 429 956 502 eqttis,
974 444 999 482 et
1017 433 1043 482 in
1071 434 1151 484 uicem
1170 437 1300 502 prolapso-

236 537 289 569 rum
307 517 413 584 equitum
430 534 525 566 uacuos
540 515 684 582 cupientium
704 517 741 564 od
756 531 869 580 pugnam
892 533 977 582 equos.
999 513 1056 566 lloe
1074 513 1133 568 loco
1152 515 1241 569 uvius
1259 517 1298 568 in·

235 595 355 668 terpretis
368 594 452 646 vicem
463 592 569 646 Valerio
583 603 703 664 praestat:
718 596 746 647 τὸ
757 595 863 662 J'rrngere
880 613 976 644 cursum
995 595 1082 660 equis,
1101 593 1173 666 apud
1193 595 1300 648 histori-

235 697 296 731 cum
308 714 317 739 ,
327 675 397 729 idem
407 675 475 732 valet
486 673 654 749 qnod‚ttpud
674 687 793 747 metam,
812 695 913 744 aquare
929 679 1047 730 labeum.
1063 677 1122 730 Mos
1137 677 1182 731 ille
1199 678 1300 750 pedites

234 759 366 834 equitibus
385 759 511 814 miscendi
530 759 668 813 Germanis
690 779 795 832 quoque
818 760 868 814 fuit
885 762 1011 829 usitatur;
1029 761 1114 814 Tacit.
1132 761 1223 816 Germ.
1243 763 1297 815 vt:

234 852 265 897 ln
288 847 422 898 uniuersum
446 845 593 904 oesn'munn',
608 847 666 911 plus
686 863 761 910 penes
779 846 883 912 peditem
909 847 1022 906 roboris,¹
1046 865 1123 912 eoque
1146 847 1219 896 ntitcti
1232 864 1298 913 prce-

235 931 331 990 liantur,
342 941 400 997 apta
418 943 442 980 et
453 941 600 996 coagmenta
613 930 650 978 acl
661 942 792 994 equestrem
808 949 918 997 pugnam
941 933 1075 982 velocitate
1091 932 1215 998 peditem,
1237 947 1299 996 quos

237 1032 271 1064 en
284 1013 352 1062 ornni
357 1013 485 1079 juventute
496 1013 602 1061 delectos
616 1024 675 1061 ante
685 1014 761 1062 aciem
771 1014 864 1064 locant.

273 1171 306 1222 V.
321 1189 362 1240 97.
375 1177 457 1237 Quos,
470 1173 532 1222 duce
544 1172 696 1240 Teutagono,
711 1173 781 1222 crudi
791 1189 859 1221 mora
870 1175 967 1223 corticis
977 1187 1072 1230 armat,

378 1257 524 1320 AEquaque,
544 1273 589 1304 nec
595 1253 666 1320 seno
679 1257 770 1304 brevior
779 1273 824 1304 nec
838 1257 929 1323 rumpia
943 1259 1020 1324 ligno.

235 1379 267 1430 In
284 1385 439 1448 Teutagono,
452 1385 596 1440 Teutonum,
607 1380 715 1433 celebris
725 1381 872 1434 Germania
884 1383 976 1454 populi
984 1423 992 1448 ,
1001 1400 1097 1435 nomeu
1112 1381 1242 1452 agnoscis.

270 1531 306 1583 V.
322 1549 365 1600 99.
377 1535 429 1582 Nec
438 1537 526 1602 procul
537 1537 646 1585 albentes
657 1535 824 1602 peminaserit
835 1537 923 1600 aclyde
928 1554 1047 1604 pannas,

362 1619 365 1626 ’
375 1619 476 1668 iliberri
483 1619 527 1686 qui
535 1632 606 1688 terga
615 1623 678 1669 Noa
685 1657 692 1678 ,
700 1621 858 1686 geltilumque
872 1623 950 1671 securi

375 1703 456 1763 Eruit,
466 1715 490 1753 et
498 1717 546 1752 toto
556 1723 605 1752 non
619 1703 690 1752 audit
704 1707 817 1754 Alazona
829 1707 892 1772 ripn

236 1825 313 1886 Aoos
323 1837 405 1891 genus
416 1832 455 1873 eet
467 1821 512 1873 teli
528 1821 593 1874 levis
600 1859 608 1885 ‚
618 1837 810 1892 nonnunquam
821 1823 962 1888 umentnti,
971 1821 1047 1891 Virg.
1063 1821 1123 1872 AEu.
1136 1818 1219 1884 vtlt,
1231 1819 1281 1887 7³⁰
1294 1836 1301 1868 :

379 1975 603 1990 ...............
618 1951 701 1990 termes
713 1953 767 1988 suut
778 1943 871 2005 aclydes
882 1943 928 1992 illie

374 2018 441 2070 Tela,
458 2017 499 2062 sed
509 2017 557 2062 traee
568 2017 632 2063 leuto
643 2033 692 2062 moe
705 2027 741 2064 est
752 2028 832 2080 aptaro
844 2019 945 2081 flagello.

238 2141 352 2192 Albentes
360 2157 463 2207 pannus
473 2137 641 2190 Burmannus
660 2139 780 2209 intelligit
793 2156 863 2202 scuto
876 2144 928 2192 sine
941 2141 1091 2208 insignibus,
1107 2135 1239 2208 uffertque
1252 2135 1307 2187 hoe

239 2221 348 2292 Virgilii
362 2221 523 2292 exemplum,
537 2224 596 2274 AEu.
611 2223 665 2286 tx,
681 2223 751 2287 548:

377 2353 436 2398 Eure
447 2351 503 2398 levis
515 2353 591 2408 nudo,
599 2369 725 2417 parmaque
736 2355 849 2416 inglorius
862 2356 924 2400 ullu.

238 2484 290 2539 Sed
303 2484 422 2556 analogia
434 2485 507 2539 nullu
521 2497 576 2538 est:
590 2486 662 2558 apud
671 2487 828 2558 Virgilium,
841 2491 899 2539 olla
908 2505 997 2554 parma
1016 2485 1136 2537 noudum
1149 2495 1230 2555 punse
1243 2483 1301 2536 luu-

239 2567 279 2622 dis
297 2579 334 2621 eet
352 2567 474 2638 signum,
492 2566 606 2640 ideoque
622 2568 720 2623 dicitur
736 2572 854 2639 inglorius
876 2569 1007 2632 Helenor3
1020 2567 1092 2640 apud
1100 2567 1252 2631 Valerium,
1266 2567 1304 2620 nil

241 2653 301 2706 tale.
315 2651 407 2704 Plures
416 2651 564 2706 Germania
573 2653 665 2725 populi
677 2655 750 2708 albos
765 2672 869 2725 quoque
880 2652 985 2723 clypeos
993 2651 1126 2714 ferebuut3
1136 2649 1302 2712 Plutarchus,

241 2726 268 2783 lu
282 2731 335 2785 vita
348 2731 442 2794 Mutii,
453 2731 573 2784 Cimbros
587 2732 670 2804 pingit
688 2733 755 2786 albin
773 2732 873 2804 clypeis
892 2731 1038 2801 fulgentes:
1057 2735 1145 2802 θυρεοῖς
1163 2726 1192 2784 li
1211 2736 1302 2792 λευκοῖς

240 2811 388 2874 officeret.
399 2817 482 2866 -De
501 2816 555 2866 Noe
571 2811 737 2865 Herodotum
754 2810 833 2874 vide,
847 2809 897 2876 1V‚
918 2815 959 2878 49.
978 2839 1013 2849 -
1029 2813 1086 2860 Non
1107 2810 1177 2863 audit
1187 2813 1302 2860 Alazona

241 2893 308 2946 dixit
327 2906 404 2948 acute
419 2895 557 2948 Valerius:
579 2914 642 2948 nam
666 2901 773 2954 aleton,
793 2893 979 2964 etymologiam
1002 2892 1023 2945 si
1050 2904 1166 2964 spectes,
1180 2893 1303 2961 fragosus

240 2977 393 3049 significet·

276 3114 309 3165 V.
323 3132 382 3166 ron,
397 3123 512 3182 Quosque
524 3120 616 3174 Taras,
627 3117 769 3180 niveumque
776 3113 858 3180 seraa
871 3115 994 3163 Euarchus
1008 3108 1201 3163 alonem-Ille
1213 3127 1303 3164 versus

239 3197 343 3251 videtur
364 3197 449 3249 alieno
472 3195 531 3249 loeo
555 3195 653 3266 ponitus
665 3212 673 3258 ;
686 3212 765 3265 quem
788 3203 845 3264 poet
866 3211 970 3246 versum
989 3197 1023 3264 67
1042 3190 1224 3265 reponendum
1245 3209 1305 3244 cen·

241 3300 304 3344 seo,
322 3297 372 3332 stc:

387 3406 610 3419 ...............
624 3382 725 3434 potsque
734 3373 808 3432 Gerye
819 3387 878 3434 quos
890 3372 973 3422 efferat
983 3373 1060 3426 nude,

381 3445 493 3505 Quosque
499 3444 582 3498 Tarus,
594 3443 734 3508 niveumque
743 3445 808 3492 feru
817 3447 934 3494 Emrchue
943 3448 1041 3494 olorum.

242 3569 299 3621 Hoc
314 3565 463 3618 mutationis
477 3583 558 3636 genus
575 3567 645 3638 apud
664 3578 763 3622 veteres
782 3581 871 3642 poetas
890 3589 944 3623 nou
957 3569 1122 3638 infrequens,
1136 3579 1162 3620 et
1184 3579 1306 3620 occmret

242 3652 311 3704 iufra
323 3691 331 3717 ,
343 3649 389 3702 lib.
401 3649 565 3716 Vt11,eirea
576 3651 663 3706 linem.
675 3683 710 3694 -
722 3659 812 3716 Taras,
825 3672 921 3707 nomen
935 3653 1053 3723 ignotum
1064 3691 1072 3718 ,
1082 3652 1138 3704 siue
1151 3651 1232 3704 dubio
1244 3671 1303 3704 eor·

243 3745 359 3807 ruptum.
372 3734 527 3804 Wagnerue
548 3748 605 3808 post
619 3737 694 3790 Pium
714 3738 838 3810 proponit
857 3743 948 3797 Tarus,
965 3753 1044 3807 quem
1057 3746 1180 3807 tunquam
1196 3734 1305 3786 fluvium

244 3814 379 3870 Colchidis
392 3816 508 3871 invenire
522 3818 594 3890 apud
607 3819 778 3887 Strabonem,
794 3822 837 3886 11,
853 3821 902 3874 sibi
915 3817 1029 3873 videtur.
1046 3819 1127 3893 Cujna
1141 3818 1236 3872 erroris
1253 3816 1305 3869 ori-

246 3900 334 3972 ginum
353 3911 473 3954 excutere
491 3923 545 3956 nou
559 3904 683 3957 alienum.
698 3905 804 3971 Strabo,
822 3906 881 3958 loco
898 3901 1025 3967 laudato,
1036 3902 1070 3956 de
1089 3903 1160 3973 Cyro
1180 3901 1305 3971 loquens,

246 3979 325 4050 hujus
338 3979 411 4034 fluvii
427 3981 544 4052 priscum
560 4002 657 4036 nomeu
669 3983 766 4044 refert,
779 3981 919 4052 quoderat
932 3985 1022 4054 Χόρος
1033 3993 1106 4033 vetus
1124 3979 1304 4050 interpretatio

246 4060 325 4115 letina
335 4062 459 4118 mendose
468 4064 547 4118 habet
558 4071 647 4118 Tlrorus
655 4103 661 4124 ,
670 4062 741 4118 uude
750 4063 790 4116 Pii
799 4065 982 4135 Wagnerique
992 4063 1171 4118 hallucinatio.
1182 4063 1214 4116 In
1224 4060 1305 4116 histo·
