2994 4702
160 389 161 392 κ
225 355 289 420 302
628 325 631 332 ’
667 355 865 458 oaruur

266 489 409 579 Navigli,
432 506 465 554 et
481 487 634 578 pulchras
647 489 817 554 callentem
832 463 957 554 di'xerat
970 505 1065 554 artes.
1261 525 1300 564 7²·
1391 513 1394 518 ·

265 604 408 693 Suscipit
423 604 478 668 hic
493 602 594 693 igitur
609 619 782 668 umanum
800 605 884 686 lora,
902 625 1067 692 manuque
1495 579 1496 614 ¹

266 719 479 784 Parthenium
501 719 570 806 ipse
587 740 703 808 regens
722 722 812 808 Argo
828 716 948 784 direxit
963 719 997 782 in
1018 741 1169 804 amnem,

265 835 378 900 Incola
394 856 493 923 quem
510 833 620 900 nitidis
635 833 862 922 splendentem
876 807 957 902 dicit
972 833 1014 898 ab
1034 834 1143 902 undis.

151 1017 155 1024 ,
263 952 423 1039 Alloquor
440 950 546 1033 bunc,
559 949 690 1040 Tiphyn
705 951 830 1016 fueram
849 973 915 1039 qua
929 972 1009 1016 voce
1026 950 1197 1040 loqu‘utus.

265 1066 404 1131 Emenso
421 1066 476 1132 bic
491 1066 617 1156 apicem
634 1067 759 1154 scopuli
778 1066 942 1132 tendentis
956 1066 991 1131 in
1008 1088 1121 1154 aequor
1138 1058 1148 1068 ⁸
1259 1084 1298 1136 7²⁵

264 1179 469 1269 Cappadocas
486 1196 611 1270 praeter,
627 1204 726 1246 cursu
741 1204 874 1270 quoque
890 1181 1007 1270 puppis
1024 1180 1141 1246 eodem

264 1299 344 1362 Acta
357 1294 573 1362 Carambacits
592 1297 699 1362 tenuit
717 1295 858 1362 confinia
876 1312 980 1362 terrae.

265 1410 335 1474 lllic
347 1410 599 1493 Thermodoon,
616 1427 649 1476 et
665 1411 762 1499 Halys
779 1409 957 1499 perlabitur
974 1411 1105 1502 ingens,

264 1526 331 1610 Qui
349 1549 468 1616 magno
486 1527 585 1592 salsos
599 1525 724 1593 invadit
737 1525 869 1592 turbine
882 1524 1015 1610 fluctus,

265 1643 388 1732 hapsus
403 1643 445 1707 ab
458 1644 584 1708 Arctous
598 1643 722 1708 boreali
739 1642 859 1708 vertice
874 1643 988 1733 plage.
1258 1659 1297 1712 ⁷³⁰

263 1761 374 1849 Longa
388 1759 614 1850 Themiscyres
630 1760 741 1849 regio,
764 1773 797 1822 et
811 1757 993 1824 Boeantidos
1010 1781 1086 1824 ores.

263 1874 349 1967 llinc
363 1890 396 1938 et
409 1871 647 1940 Amazonidum
662 1889 779 1939 turmse
791 1871 985 1962 panduntur
999 1889 1182 1962 equestres,

262 1990 305 2054 Et
318 1989 496 2079 Chalybes,
509 1990 670 2078 sociaeque
686 2012 802 2054 manus
818 1990 987 2078 'lybarena
1003 1989 1213 2078 frequentant

263 2105 391 2192 Regna,
410 2119 443 2168 et
459 2103 615 2191 Mosyues
631 2103 869 2191 jungunturin
885 2103 1023 2168 urbibus
1040 2126 1115 2168 una.

308 2217 464 2281 Conversi
480 2215 522 2282 ad
535 2217 646 2281 lavam
662 2215 854 2280 Maurorum
873 2218 1066 2283 accessimus
1088 2240 1169 2299 orae,
1258 2233 1298 2285 7³⁵

169 2379 171 2384 .
263 2331 306 2396 Et
326 2330 537 2396 Mariandinis
558 2331 681 2396 meinos
698 2329 838 2396 vidimus
859 2353 964 2420 agros.

264 2447 350 2512 Hinc
368 2446 494 2510 Helices
516 2445 653 2536 longum
670 2445 879 2534 protenditur
896 2469 1027 2535 sequore
1040 2447 1183 2526 collum;

262 2562 347 2624 Hinc
365 2581 500 2648 quoque
520 2559 642 2624 litoreis
665 2560 780 2650 ingens
795 2559 932 2624 vallatur
949 2561 1055 2625 arenis

264 2679 421 2766 Campus,
442 2689 475 2740 et
490 2674 621 2740 excelsu
635 2671 823 2762 despectant
842 2696 971 2762 aequora
986 2675 1092 2739 valles.
1166 2763 1171 2766 -

262 2790 495 2879 MonstSymus
515 2806 564 2855 est
583 2789 662 2854 urbs
676 2789 747 2866 his,
766 2788 917 2854 viridanti
935 2790 1080 2880 gramine
1097 2804 1243 2877 pratum;
1256 2806 1296 2858 ylo

262 2910 347 2971 Arva
363 2921 474 2971 secant
490 2920 580 2971 vasto
598 2906 737 2993 strepitu
753 2903 907 2970 devectus
920 2906 1055 2987 Araxes,

263 3020 515 3101 Thermodoon,
533 3017 665 3110 rupidus
682 3019 812 3100 Phasis,
829 3019 1011 3107 Tanaisque
1027 3017 1183 3100 fluentes,

261 3137 385 3226 inclyta
402 3135 460 3200 ubi
480 3133 593 3198 Colchi
613 3155 709 3221 gens,
728 3132 958 3221 Heniochique
972 3150 1004 3198 et
1017 3136 1139 3198 Araxes.

305 3251 468 3340 Progressi
486 3265 647 3314 extremos
665 3263 796 3336 portus,
813 3249 1019 3337 populosque
1033 3246 1199 3330 ridemus,

261 3369 366 3448 Uros,
382 3365 641 3452 Chidnaeosque,
658 3363 898 3448 Charandseos,
913 3365 1143 3454 Solymosque,
1255 3380 1294 3430 rl⁵

260 3483 302 3545 Et
314 3481 405 3562 juxta
419 3481 583 3569 Assyrios,
598 3477 801 3567 dorsumque
820 3480 965 3544 immane
980 3479 1138 3568 Sinopes,
1278 3495 1284 3504 ·

259 3597 299 3660 Et
318 3595 483 3683 Philyrae,
503 3595 703 3682 Naetasque,
719 3610 817 3684 atque
834 3593 955 3684 oppida
972 3593 1073 3660 densa
1087 3594 1271 3684 Sapeirum,

260 3713 394 3798 Byzeras
412 3708 605 3798 superbos,
628 3725 661 3772 et
676 3708 839 3798 inhospita
856 3731 932 3773 rura
943 3709 1147 3799 Sigymuum.

257 3826 316 3889 llis
331 3823 470 3912 impulsa
483 3823 562 3888 locis
575 3824 682 3890 ventis
693 3823 878 3890 afflantibus
892 3825 978 3914 Argo

255 3939 372 4004 Fertur
386 3937 421 4000 iu
436 3937 651 4017 immensum,
672 3937 813 4002 tenebris
832 3937 1034 4026 fugientibus
1048 3939 1179 4020 orbem,
1247 3959 1286 4010 7⁵0

255 4050 441 4138 Euxinum
459 4049 596 4116 occiduo
617 4050 736 4116 dehinc
752 4051 893 4118 Phasida
908 4053 975 4118 sole
991 4052 1150 4117 videmus.
