3022 4678
243 341 286 426 98
547 340 584 402 o.
609 338 807 404 venenu
835 339 1008 404 rnaccr

287 473 365 538 Esse
376 488 490 561 putern
501 493 510 552 ;
522 470 598 534 ratis
609 468 749 534 infandis
761 491 844 558 quoa
858 473 925 535 sola
936 447 1073 561 rapinis,

287 587 439 676 Saeraque
450 587 551 676 pascit
561 585 666 650 hiems
677 584 691 648 Ρ
703 600 735 649 et
747 607 850 672 quos,
863 584 1033 651 credamus
1046 603 1085 651 ut
1095 586 1191 676 ipsis,

287 706 354 768 Rex
367 727 446 768 suus
457 703 544 767 illisit
554 703 687 790 pelago,
700 703 868 789 vetuitque
879 701 1016 767 reverti?

288 797 414 886 Scilicet
425 816 539 882 AEoliae
550 813 685 904 pecudis
697 831 865 904 poteretur
875 831 913 879 ut
922 839 1020 898 auro,

286 938 371 1001 Ante
382 953 474 996 meus
486 951 566 992 oaesa
578 927 744 992 descendit
757 928 920 994 Caucasus
932 928 1066 1012 umbra,
1286 958 1312 995 ss

288 1051 333 1113 Ac
343 1048 434 1136 prior
444 1043 629 1108 Haemonias
640 1043 748 1132 rapuit
759 1065 857 1132 super
869 1027 999 1132 aequora
1010 1043 1132 1133 proedas
1139 1045 1154 1107 i·

287 1165 357 1226 Aut
368 1181 429 1247 ego
445 1179 520 1221 cunr
530 1156 618 1221 vittis
630 1156 728 1221 statui
740 1156 891 1222 feralibus
902 1156 1037 1222 Hellen?

287 1275 320 1338 Si
335 1289 442 1336 umen
456 1269 506 1332 his
518 1270 609 1334 aliter
620 1285 743 1358 perstas
756 1292 822 1335 non
837 1270 951 1336 cedere
962 1271 1071 1353 terris,

287 1389 401 1473 'l'eque
414 1381 523 1471 pudor
534 1384 614 1447 cassi
626 1381 749 1448 reditus
761 1400 891 1468 movet,
904 1407 942 1449 ac
951 1385 1029 1450 latet
1039 1405 1104 1448 una

287 1501 405 1568 Nescio
421 1498 587 1588 quidplus
601 1521 712 1590 puppe
724 1499 819 1582 viris3
835 1499 924 1565 baud
937 1501 1005 1589 ipse
1016 1499 1186 1581 morabor,
1286 1522 1314 1560 aa

289 1618 372 1699 Quae
383 1615 491 1703 petitis
501 1640 510 1697 ;
522 1614 622 1678 modo
635 1630 745 1679 nostra
758 1615 849 1704 prior
861 1631 898 1678 tu
910 1613 1028 1704 perfice
1038 1616 1135 1694 jussa.

286 1732 422 1798 Martius
434 1746 507 1794 ante
520 1728 636 1793 urbem
649 1730 754 1819 longis
763 1730 847 1812 jacet
859 1729 1011 1794 horridus
1023 1731 1116 1794 annis

288 1848 448 1934 Campus,
462 1859 494 1907 et
504 1841 652 1907 ardentes
666 1867 703 1908 ac
716 1867 769 1908 nae
782 1866 932 1932 quoque,
943 1865 1076 1910 vomere
1086 1867 1214 1934 presso,

287 1963 341 2027 Mc
358 1981 490 2048 quoque
503 1972 691 2022 cunctantes
702 1957 867 2022 interdurn
879 1979 1052 2048 agnoscere
1062 1959 1156 2022 tauri.

289 2078 347 2141 His
359 2074 460 2162 magis
471 2087 568 2158 atque
579 2072 679 2160 magis
691 2071 813 2136 rabiem
826 2094 915 2136 nunc
926 2088 1036 2136 nostra
1047 2088 1195 2136 senectus
1287 2091 1313 2132 ss

289 2189 531 2273 Luxuriernque
543 2184 651 2268 dedit,
665 2185 828 2272 solitoque
839 2184 1009 2272 superbior
1020 2185 1103 2274 ignis

279 2377 316 2428 54.
335 2374 458 2419 Poteram.
471 2369 510 2414 Sic
521 2369 596 2414 Vstie.
611 2369 665 2415 cod.
679 2369 787 2414 Patietur.
800 2367 890 2413 bonon
908 2367 961 2413 cod.
977 2368 1088 2415 Putiauu.
1105 2369 1164 2415 Edd.
1179 2379 1234 2416 sata
1250 2371 1314 2419 Gerr.

249 2457 368 2504 Potiretun
379 2448 486 2497 Carrion.
499 2475 529 2484 -
540 2449 578 2495 55.
589 2447 716 2495 Descendit.
729 2449 819 2494 Bonon.
830 2447 861 2493 ll.
878 2473 903 2482 -
914 2447 1314 2509 56.1sepeseuv2ue.nonon.e0aa.

249 2547 273 2584 st
284 2533 349 2580 Carr.
359 2529 450 2592 Raptae.
461 2527 552 2574 Bonon.
562 2529 581 2574 Ι.
592 2528 656 2572 inat.
673 2525 728 2572 Ald.
743 2527 803 2588 ling.
814 2534 838 2572 et
851 2534 923 2588 postt.
931 2535 1016 2588 prater
1026 2527 1111 2572 Mater.
1119 2527 1215 2589 Rapuit.
1226 2531 1315 2581 Bonon,

248 2618 280 2664 ll.
293 2613 386 2675 Rapiet.
398 2610 483 2655 Mater.
494 2633 524 2643 -
539 2605 577 2666 57.
592 2609 638 2652 Aut
646 2621 697 2666 ego.
709 2603 784 2653 V'atie.
798 2605 851 2653 cod.
865 2607 955 2653 Bonon.
971 2607 984 2651 Ι
1001 2615 1025 2652 et
1037 2607 1069 2652 Il.
1087 2606 1141 2652 Cum
1152 2608 1228 2656 cutis.
1239 2609 1315 2656 Vatia.

250 2705 274 2742 et
285 2697 375 2740 Bonon.
388 2687 457 2734 codd.
467 2688 558 2733 Bonon.
568 2684 599 2729 ll.
608 2685 673 2731 Junt.
687 2683 740 2730 ald.
752 2685 795 2732 En.

288 2840 329 2894 52.
345 2843 377 2889 Et
396 2853 472 2903 quos,
490 2835 618 2884 credamus
640 2843 666 2880 ut
686 2833 762 2900 ipsis,
805 2830 889 2886 divini
909 2829 1000 2884 nescio
1019 2824 1085 2901 quid
1102 2829 1131 2882 in
1149 2831 1213 2884 narl
1233 2843 1319 2887 vestra
1403 2826 1413 2842 ”

251 2937 313 2975 nam
335 2916 386 2990 ipsi
406 2915 532 2976 latentur,
554 2929 675 2962 teuscus
695 2912 763 2962 illisit
804 2908 985 2978 latet(irridet
994 2927 1089 2982 nempe
1099 2912 1187 2964 AEetes
1197 2909 1320 2976 Jasonis,'

252 3001 341 3072 (bene
360 2994 492 3047 delectum
515 2989 618 3062 gratius
635 2990 761 3042 verbnm:
806 3008 887 3061 quam
900 2990 937 3052 V,
953 2989 1253 3060 504,jactauerut,cum
1268 2989 1319 3043 diis
1379 3053 1384 3064 ¹

251 3081 333 3138 5111555,
348 3093 386 3129 sc.
404 3071 520 3143 pelago,
535 3069 626 3142 ejecit,
643 3069 764 3122 exturba·
807 3068 991 3140 cognationem
1004 3085 1012 3129 ;
1025 3068 1059 3120 cl.
1071 3070 1150 3138 paulo
1164 3082 1222 3141 post
1231 3089 1256 3122 v.
1269 3087 1318 3141 7¹5

251 3160 290 3214 sit
305 3154 408 3228 patria,
422 3166 473 3202 nec
489 3159 562 3212 erat,
576 3147 649 3220 quod
666 3167 716 3219 pro
731 3165 764 3200 eo
808 3148 931 3218 Apollon.
944 3147 1001 3212 111,
1012 3152 1061 3208 los
1075 3164 1082 3198 t
1098 3151 1118 3203 sl
1132 3152 1250 3223 ἐτήτυμόν
1262 3153 1319 3204 ἐστι

254 3229 429 3292 Marklandus
441 3227 531 3282 mallet
548 3229 664 3294 immisit)
677 3229 764 3278 veuit·
808 3234 865 3281 θεῶν
876 3231 944 3298 γένος
954 3217 979 3296 l,
991 3228 1061 3277 bared
1074 3231 1204 3280 morabcr:
1220 3241 1248 3282 tu
1263 3247 1320 3280 mo·

256 3335 305 3386 que
320 3313 419 3370 reverti,
439 3317 566 3379 perpetuo
585 3305 674 3358 exsilio
692 3303 765 3358 daur-
809 3302 844 3357 do
854 3316 932 3358 antea
943 3345 951 3370 ,
962 3306 1280 3379 quujubebo,perlicias.

257 3394 340 3449 navit.
845 3387 887 3436 62.
897 3385 943 3441 Est
959 3384 993 3438 ad
1009 3387 1102 3439 urbem
1116 3404 1225 3458 campus
1239 3387 1319 3451 Marti

292 3472 334 3537 54.
344 3463 482 3538 Numquid
496 3464 531 3517 de
546 3463 622 3517 vobis
635 3476 694 3513 aute
715 3461 766 3513 boc
810 3476 943 3526 sacratus,
961 3467 1072 3516 lumidus
1098 3463 1236 3537 (Apollon.
1253 3464 1318 3526 ibid,

257 3564 361 3622 tempus
387 3545 457 3598 male
487 3541 592 3596 merui?
624 3559 710 3602 rrum,
736 3550 766 3590 ut
810 3549 858 3606 41¹
872 3561 878 3596 :
893 3546 1031 3614 στυφελὴν,
1045 3542 1118 3615 quod
1131 3544 1269 3598 scholiasta
1279 3563 1320 3597 ex-

256 3648 366 3686 aureum
382 3623 465 3678 vellus
486 3639 623 3694 raperem,
646 3635 727 3671 naves
751 3636 767 3670 e
809 3623 885 3694 ponit
894 3629 1025 3695 τραχεῖαν,
1039 3627 1099 3676 νειὸν
1109 3613 1205 3696 dputes)
1219 3659 1227 3686 ‚
1240 3639 1264 3676 et
1275 3643 1318 3676 ar·

255 3706 396 3764 Caucaseis
404 3702 543 3755 arboribus
555 3700 638 3752 lactas
649 3696 766 3750 annoti?
810 3703 1001 3771 desites,ignem
1009 3701 1147 3772 spirantes,
1154 3707 1217 3754 tauri
1221 3723 1322 3755 uomere

254 3807 321 3843 num
333 3783 435 3859 praedas
445 3777 604 3832 eTbessalia
613 3773 671 3846 egi?
680 3776 730 3828 En.
807 3801 906 3848 presso,
918 3789 1005 3831 aratro
1016 3780 1116 3851 juncti,
1127 3802 1180 3843 me,
1199 3803 1237 3834 me
1253 3781 1319 3836 adeo

291 3868 368 3921 58,OE
389 3877 470 3912 tumen
492 3870 589 3924 perstas
612 3874 661 3905 που
683 3856 764 3916 aliter,
810 3861 1320 3928 cssnctantesinterdumagnoscere‚mihi

254 3947 303 4000 nisi
321 3949 429 4011 accepto
446 3935 553 3995 vellere,
567 3936 603 3984 lu's
621 3937 706 3986 cedere
719 3949 765 3986 ten
809 3938 859 4010 ipsi
873 3938 916 3990 vix
927 3951 1030 4008 parent.

255 4031 301 4087 ris,
314 4043 345 4075 ae
354 4025 413 4074 latet
421 4033 472 4068 una
481 4017 563 4066 neseio
575 4015 696 4082 quidplus
703 4033 765 4082 pup-
845 4018 888 4070 65.
897 4016 1021 4070 Senectus
1032 4033 1090 4069 mea
1100 4020 1216 4086 majorem
1230 4023 1319 4072 rabiem

252 4126 285 4174 pe
300 4105 378 4160 vitiu
395 4097 417 4149 si
434 4093 548 4159 scilicet,
563 4103 656 4164 proter
678 4093 763 4159 viros,
809 4098 991 4162 luxuriemque,
1011 4094 1139 4150 luxuriam
1164 4097 1197 4152 ad
1219 4099 1317 4153 rabiem
