2958 4704
185 429 187 434 s
266 363 332 440 416
651 361 951 427 CATALOGUS

309 489 414 572 Atque
431 484 500 548 hec
516 483 558 548 de
571 484 779 549 nobilissimis
791 485 908 549 Graecre
922 483 1102 564 juventutis
1115 482 1335 571 principibus,

264 613 347 679 quos
364 591 397 652 in
416 590 545 653 turbam
558 606 591 653 et
606 589 747 653 indicem
762 590 922 668 conjicere
937 589 1045 669 nolui,
1061 587 1118 650 sed
1134 589 1244 652 locum
1258 610 1335 676 pro·-

263 697 371 785 prium
388 693 464 759 dare
481 710 514 759 et
526 695 759 782 conspicuum,
777 711 815 758 ut
829 695 887 783 qui
901 695 962 759 hac
978 693 1134 759 doctrinae
1147 709 1239 780 parte
1250 693 1336 758 dele·

264 816 386 881 ctatur,
415 815 448 864 et
464 815 567 887 poetae
583 799 706 881 nostri,
733 815 791 864 aut
813 799 943 864 alterius
967 799 1177 888 Argonautici
1193 799 1335 862 lectione

264 906 419 994 capiatur,
436 905 469 967 in
486 920 642 993 promptu
655 904 772 970 habeat
788 905 928 970 Lexicon
947 905 1039 993 quasi
1055 904 1334 992 Argonautieum,

264 1031 332 1099 quo
350 1025 511 1092 recurrat,
528 1025 561 1073 et
577 1011 740 1074 memoriae
754 1009 937 1074 subsidium
954 1025 1054 1098 petati
1071 1008 1239 1074 lodicibus
1257 1009 1334 1078 reli·

261 1117 337 1204 ,quis
356 1115 550 1204 praemittere
573 1117 664 1204 prius
685 1117 813 1180 animus
837 1117 974 1199 aderat,
993 1114 1050 1180 sed
1073 1115 1276 1197 metuebam,
1294 1131 1335 1178 ut

170 1238 174 1250 ·
264 1223 386 1287 multos
401 1223 563 1302 lectores,
577 1223 633 1309 qui
654 1223 770 1313 saepius
788 1223 1028 1311 prefationibus
1045 1237 1078 1286 et
1092 1223 1334 1311 prolegomenis
1350 1261 1353 1267 -

265 1327 587 1416 perlectis,·abjicere
602 1328 708 1392 solent
720 1327 838 1409 libros,
855 1329 1001 1392 laterent.
1018 1327 1066 1390 De
1078 1327 1156 1414 ipsis
1168 1325 1333 1390 iudicibus

265 1435 361 1502 etiam
382 1457 515 1504 mouere
535 1434 600 1498 boc
623 1435 656 1498 in
680 1433 867 1522 prelatione
890 1433 1032 1523 neglexi,
1055 1434 1142 1514 illos,
1164 1449 1202 1496 ut
1216 1455 1333 1521 spero,

265 1561 342 1604 cura
360 1540 481 1620 majore
504 1555 536 1603 et
551 1538 719 1628 diligentia
736 1561 805 1604 esse
822 1539 1007 1620 confectos,
1029 1561 1128 1627 quam
1146 1539 1244 1628 vulgo
1261 1537 1333 1602 lieri

264 1646 368 1710 solet:
385 1646 455 1709 boec
472 1645 559 1708 enim
577 1645 749 1733 provincia.
759 1645 826 1710 lere
843 1644 1082 1710 correctoribus
1095 1660 1152 1708 aut
1165 1667 1332 1708 mercena·

264 1751 320 1816 riis
343 1751 451 1839 operis
470 1748 615 1814 mandari
633 1750 728 1824 solet,
747 1750 824 1837 quia
844 1749 982 1814 credunt
1004 1749 1125 1814 librarii
1144 1765 1178 1813 et
1199 1749 1332 1838 plurimi

265 1858 335 1938 alii,
360 1857 443 1920 nibil
457 1856 581 1920 lacibus
596 1877 682 1939 esse,
707 1879 814 1944 neque
835 1857 960 1947 magnis
976 1855 1168 1920 eruditionis
1186 1871 1245 1920 aut
1263 1878 1342 1919 ser--

265 1963 372 2028 monis
395 1963 485 2026 latini
508 1963 610 2051 copiis
635 1963 832 2028 instructum
855 1985 925 2028 esse
945 1961 1081 2043 debere,
1104 1963 1162 2050 qui
1181 1961 1331 2027 adhunc

264 2069 519 2158 ingratissimum
543 2067 687 2132 laborem
713 2066 908 2132 detruditur.
931 2067 995 2133 Sed
1021 2082 1054 2132 et
1072 2068 1162 2132 hunc
1187 2089 1358 2132 errorem*

265 2175 428 2263 vulgarem
451 2195 537 2253 esse,
562 2173 614 2236 vel
640 2173 728 2236 solus
753 2171 869 2237 docere
894 2173 1014 2261 poterit
1027 2172 1180 2236 ,Alardus
1202 2187 1329 2254 noster,

264 2301 363 2368 quem
385 2278 526 2342 vidimus
552 2300 591 2341 ex
615 2277 745 2366 propria
772 2301 867 2366 penu.
884 2279 966 2343 nibil
992 2279 1058 2344 lere
1083 2278 1243 2344 adducere
1268 2301 1331 2366 po·

265 2385 364 2448 tuisse
389 2382 431 2447 ad
455 2399 559 2470 poeta
588 2399 705 2446 nostrae
724 2381 823 2448 decus
844 2400 902 2449 aut
926 2386 1063 2467 lucem;¹
1079 2408 1146 2450 nou
1165 2385 1328 2449 utiliorem

265 2512 396 2578 operam
413 2489 446 2552 in
467 2486 629 2552 indicibus
652 2489 848 2554 consuendis
868 2491 993 2580 posuit,
1011 2513 1115 2579 quum
1134 2514 1203 2555 non
1223 2491 1327 2554 dicam

265 2593 467 2683 negligentiae
485 2591 589 2682 (cujus
603 2615 720 2683 magna
734 2597 1064 2685 parstypographicis
1087 2599 1194 2685 operis
1222 2613 1327 2660 trans·

264 2700 361 2766 scribi
375 2699 497 2789 posset)
509 2716 575 2764 tam
590 2699 702 2764 crebra
718 2699 914 2768 documenta
930 2701 1067 2786 dederit,
1077 2702 1134 2767 sed
1151 2703 1327 2768 inscientiae

265 2823 297 2870 et
313 2805 514 2870 crassissima
529 2805 724 2894 stupiditatis
748 2805 867 2871 indicia
892 2808 1095 2890 exhibuerit,
1113 2823 1150 2872 ut
1170 2809 1325 2893 nesciam,

264 2935 328 3000 qua
348 2912 457 2975 fronte
472 2912 521 2975 vir
541 2935 581 2999 ²7
595 2934 698 2976 annos
717 2929 828 2995 natus,
843 2935 941 2977 ausus
955 2915 1052 2978 fuerit
1065 2915 1159 2980 talem
1175 2913 1325 2980 abortum

263 3018 400 3106 publicae
422 3018 487 3082 luci
510 3039 682 3105 exponere.
704 3018 752 3081 De
774 3017 917 3101 mendis,
940 3019 972 3081 in
1002 3041 1215 3084 numerorum
1240 3021 1325 3085 notis

263 3121 479 3204 haerentibus,
503 3144 571 3186 non
589 3145 682 3212 agam
702 3145 853 3210 operose,
873 3125 948 3189 licet
961 3140 1011 3190 tot
1026 3149 1064 3190 ac
1077 3141 1173 3190 tantae
1187 3127 1269 3206 sint,
1288 3142 1326 3189 ut

265 3229 350 3292 nulla
372 3228 415 3291 sit
435 3229 575 3317 pagella,
594 3251 665 3315 quoe
684 3251 751 3292 non
775 3229 913 3294 sufficiat
934 3230 1099 3322 fatigando
1119 3233 1250 3314 lectori,
1269 3233 1325 3320 qui

264 3335 382 3396 frustra
390 3331 638 3397 verba'adducta
649 3333 682 3396 in
695 3349 797 3421 poetae
809 3333 976 3424 designato
990 3337 1072 3401 libro
1085 3354 1118 3401 et
1129 3359 1222 3400 versu
1236 3361 1324 3426 qute-

262 3456 329 3518 ret,
346 3439 389 3502 ita
410 3453 448 3502 ut
469 3437 567 3502 index
588 3438 741 3503 falsorum
757 3462 970 3504 numerorum
984 3443 1058 3506 satis
1070 3445 1196 3532 amplus
1210 3442 1324 3507 confici

262 3559 381 3634 posset.
400 3543 463 3608 Sed
480 3544 725 3632 ignorantiae'et
745 3546 836 3609 latini
854 3548 1031 3630 sermonis,
1054 3565 1086 3612 et
1099 3549 1248 3637 inprimis
1262 3571 1325 3613 me·

261 3651 348 3714 tricae
364 3649 548 3738 disciplinae,
561 3649 728 3736 imperitiae
742 3651 915 3738 specimina
927 3653 1026 3742 longo
1039 3653 1155 3718 ordine
1166 3656 1322 3719 recenseri

262 3774 412 3847 possent,
433 3777 504 3844 quae
523 3755 665 3843 patronis
680 3755 856 3821 Alardianoe
870 3758 1037 3824 industriae
1052 3777 1085 3825 et
1101 3761 1256 3826 doctrine
1269 3786 1324 3825 ru·

262 3865 376 3928 borem
401 3877 534 3951 possent
558 3861 714 3926 incutere.
740 3863 808 3928 Nos
828 3866 938 3952 paucis
961 3867 1106 3931 contenti
1130 3869 1265 3950 erimus,
1283 3891 1323 3932 ne

261 3967 429 4033 calumniae
455 3965 546 4028 loeus
569 3964 781 4052 relinquatur.
803 3967 855 4030 Sic
880 3967 998 4057 legitur
1021 3971 1055 4034 in
1080 3971 1187 4036 indice
1210 3971 1319 4061 capit,

261 4075 358 4165 Vlll,
375 4070 405 4151 5,
420 4070 478 4157 89;
501 4071 593 4158 atqui
616 4089 733 4137 neutro
755 4074 828 4136 loco
848 4073 882 4136 id
904 4067 1066 4158 occurrit,
1078 4076 1135 4140 sed
1155 4079 1255 4164 priori
1276 4095 1323 4142 est
