3022 4678
396 367 458 474 C.
485 365 794 472 VALERII
824 363 1098 470 FLACCI

545 652 753 735 SETINI
788 649 967 730 BALBI

358 891 1132 1026 uueouuuucou
1172 1055 1176 1066 ¹

493 1188 671 1268 LIBER
710 1186 998 1267 OCTAVUS.

560 1459 580 1469 ·-
592 1447 921 1480 ἥθ’-*-

432 1687 678 1758 ANALYSIS
709 1687 849 1756 LIBRI
881 1687 1078 1756 OCTAVI.

220 1878 339 1952 Medea,
353 1881 445 1957 patris
459 1879 533 1939 iram
546 1881 665 1952 timens,
680 1878 812 1937 ultimum
826 1877 954 1936 thalamo
969 1875 1136 1954 mundoque
1150 1872 1285 1934 muliebri

260 1971 324 2030 vale
348 1969 438 2044 dicit,
462 1972 590 2030 arculam
610 1971 764 2048 sinumque
787 1971 882 2049 ipsum
905 1966 1143 2028 medicaminibus
1164 1981 1285 2038 onerat,

260 2063 316 2142 piis
331 2077 426 2122 tamen
442 2083 498 2142 pro
517 2063 716 2123 incolumitate
734 2063 826 2140 patris
839 2061 915 2120 votis
935 2063 1033 2134 sactis,
1056 2081 1125 2120 ense
1144 2061 1239 2119 cincta
1254 2060 1285 2118 in

259 2155 357 2214 lucum
378 2169 536 2234 properat,
562 2159 652 2215 1-23.
677 2161 765 2217 Jason
791 2154 834 2215 ibi
858 2175 922 2214 eam
942 2155 1112 2235 praestolans
1133 2166 1286 2232 paventem

260 2247 382 2324 excipit,
397 2245 569 2326 blandisque
594 2248 709 2321 verbis,
726 2262 760 2308 ut
782 2247 868 2308 tantis
887 2247 924 2306 de
948 2267 978 2308 se
998 2247 1108 2306 meritis
1129 2245 1234 2318 addat,
1256 2258 1285 2303 et

260 2357 347 2416 opem
366 2339 397 2396 in
417 2339 612 2420 expugnando
625 2342 734 2400 vellere
747 2359 837 2399 aureo
852 2338 1001 2398 ferendam
1022 2353 1101 2412 orat,
1123 2345 1221 2406 ablat.
1238 2335 1285 2394 ad

260 2430 321 2490 baec
339 2431 380 2490 ita
399 2432 555 2510 respondet
570 2433 729 2512 singultans
743 2433 841 2512 virgo,
855 2432 984 2511 deosque
1001 2445 1030 2491 ct
1044 2432 1140 2492 sidera
1158 2428 1287 2489 obtesta-

261 2535 304 2596 ta,
319 2537 368 2596 ut,
382 2543 448 2602 quae
462 2524 553 2602 ipsius
569 2543 656 2586 causa
675 2540 705 2584 et
724 2541 838 2603 patrem
860 2540 890 2584 et
909 2525 1034 2604 patriam
1049 2538 1079 2584 et
1096 2537 1210 2602 sceptra
1223 2521 1287 2580 reli·

260 2617 384 2694 quisset,
403 2617 431 2706 ei
446 2617 533 2676 fidem
552 2638 667 2678 servare
681 2619 751 2678 velit
764 2623 872 2691 Jason,
889 2619 992 2689 45-53.
1009 2623 1084 2678 Tum
1106 2618 1142 2676 ad
1161 2616 1285 2675 interio-

258 2729 320 2769 rem
330 2711 428 2768 lucum
440 2709 526 2768 ambo
537 2713 696 2790 progressu
707 2724 745 2783 et,
756 2711 883 2770 dracone
898 2723 1065 2789 conspecto,
1078 2713 1095 2768 J
1097 2729 1166 2770 ason
1179 2707 1287 2766 cohor·

259 2800 360 2872 rescit,
376 2800 424 2859 cui
437 2821 527 2880 quum
540 2803 690 2882 optionem
704 2802 828 2862 dedisset
839 2801 960 2876 Medea,
977 2815 1077 2862 utrum
1091 2801 1154 2879 ipse
1170 2819 1236 2859 cum
1250 2819 1286 2858 eo

258 2906 404 2956 certamen
422 2894 510 2968 inire,
532 2915 568 2954 an
589 2915 691 2954 somno
712 2895 846 2954 eumdem
865 2895 957 2973 mergi
972 2893 1075 2966 vellet,
1096 2893 1240 2970 posterius
1255 2911 1287 2952 se

259 2985 344 3044 malle
358 2985 481 3044 tacendo
497 2987 628 3065 profiteri
643 2987 773 3059 videtur,
797 2987 901 3060 54-67.
922 2991 1019 3046 Deum
1038 2985 1126 3065 igitur
1146 2989 1285 3044 Somnum

258 3076 363 3136 Medea
376 3076 527 3156 implorat,
543 3092 592 3152 ut,
607 3078 749 3158 quidquid
763 3079 868 3138 urium
882 3077 990 3139 habeat
1002 3077 1242 3156 soporiferartun,
1256 3075 1286 3134 in

259 3187 348 3228 unum
362 3169 493 3228 conferat
507 3169 680 3244 draconem;
693 3191 746 3230 nec
760 3172 824 3250 ipsa
838 3171 935 3245 deses,
950 3171 1003 3231 diu
1012 3169 1209 3230 obluctantem
1225 3188 1286 3228 ser-

259 3276 375 3340 pentem
389 3262 515 3322 carmine
529 3277 558 3322 et
572 3264 682 3323 artibus
696 3265 813 3344 magicis
825 3267 856 3323 iu
868 3283 1001 3324 somnum
1012 3263 1062 3324 dat
1073 3262 1287 3340 donuientique

258 3355 331 3414 adeo
353 3355 464 3428 illudit,
486 3357 612 3426 68-104.
635 3363 699 3416 Jam
724 3377 796 3416 vero
818 3362 954 3418 Jasonem
976 3356 1166 3427 cohortatur,
1190 3369 1223 3414 ut
1248 3355 1286 3415 ad

258 3449 350 3507 vellus
370 3447 559 3507 auferendum
580 3448 714 3508 arborem
734 3449 924 3522 conscendat,
943 3451 1065 3528 ipsoque
1085 3448 1212 3507 dracoue
1230 3467 1286 3527 pro

258 3537 336 3595 scala
352 3549 459 3596 utatur.
481 3540 528 3599 Sic
546 3539 634 3617 igitur
655 3540 725 3599 facit
741 3541 871 3618 juvenis,
887 3542 980 3601 vellus
993 3541 1081 3600 ramis
1095 3540 1228 3620 expedit,
1240 3554 1285 3614 et,

258 3630 308 3707 qui
330 3629 464 3690 arborem
488 3645 573 3692 antea
594 3632 824 3694 circumdederat
844 3633 998 3714 splendor,
1018 3634 1043 3692 is
1063 3653 1117 3714 per
1136 3653 1284 3714 campum,

258 3741 344 3799 quem
361 3721 515 3783 redeuntes
530 3729 618 3784 Jason
637 3739 666 3784 et
682 3725 787 3784 Medea
803 3739 1019 3798 transcurrunt,
1033 3725 1175 3784 funditur.
1190 3731 1286 3804 Argo-

257 3827 352 3873 nautae
366 3833 467 3874 omnes
478 3820 616 3896 Argoque
629 3816 692 3896 ipsa
705 3817 821 3876 obviam
836 3818 969 3891 veniunt,
983 3817 1030 3877 cui
1044 3817 1198 3876 immittere
1213 3837 1286 3896 prac-

260 3905 326 3964 dam
341 3920 480 3986 properat
490 3913 595 3980 lason,
617 3908 722 3967 deinde
736 3909 841 3968 Medea
856 3912 961 3970 comite
976 3911 1081 3982 insilit,
1098 3923 1127 3968 et
1142 3908 1228 3968 armis
1245 3908 1286 3965 in-

259 3996 348 4058 dutus
360 3999 453 4060 adstat
467 4001 503 4060 ad
517 4021 548 4061 se
561 4023 670 4081 suaque
682 4001 865 4062 defendenda
878 4017 1009 4082 paratus,
1024 4003 1158 4061 rob-133.
1173 4007 1287 4060 Interea

260 4091 335 4167 rapti
349 4091 463 4152 velleris
483 4113 583 4153 rumor
607 4094 643 4153 ad
665 4093 768 4156 urbem
788 4097 933 4173 pervenit,
953 4094 1057 4154 Medea
1077 4113 1217 4172 nusquam
1237 4094 1291 4151 iu-
