<?xml version="1.0" encoding="UTF-8"?>
<!DOCTYPE html PUBLIC "-//W3C//DTD XHTML 1.0 Transitional//EN"
    "http://www.w3.org/TR/xhtml1/DTD/xhtml1-transitional.dtd">
<html xmlns="http://www.w3.org/1999/xhtml" xml:lang="en" lang="en">
 <head>
  <title>
</title>
<meta http-equiv="Content-Type" content="text/html;charset=utf-8" />
  <meta name='ocr-system' content='tesseract 3.04.00' />
  <meta name='ocr-capabilities' content='ocr_page ocr_carea ocr_par ocr_line ocrx_word'/>
</head>
<body>
  <div class='ocr_page' id='page_1' title='image "./cvaleriiflaccis02apolgoog_0380.png"; bbox 0 0 2994 4702; ppageno 0'>
   <div class='ocr_carea' id='block_1_1' title="bbox 261 373 940 460">
    <p class='ocr_par' dir='ltr' id='par_1_1' title="bbox 261 373 940 460">
     <span class='ocr_line' id='line_1_1' title="bbox 261 373 940 460; baseline -0.003 -20"><span class='ocrx_word' id='word_1_1' title='bbox 261 373 327 460; x_wconf 69' lang='lat'><strong>³74</strong></span> <span class='ocrx_word' id='word_1_2' title='bbox 642 374 940 439; x_wconf 77' lang='lat' dir='ltr'><strong>os&#39;mnoeus</strong></span> 
     </span>
    </p>
   </div>
   <div class='ocr_carea' id='block_1_2' title="bbox 240 496 1336 1220">
    <p class='ocr_par' dir='ltr' id='par_1_2' title="bbox 240 496 1336 1220">
     <span class='ocr_line' id='line_1_2' title="bbox 260 496 1336 586; baseline -0.001 -26"><span class='ocrx_word' id='word_1_3' title='bbox 260 518 336 560; x_wconf 82' lang='lat' dir='ltr'><strong>eum</strong></span> <span class='ocrx_word' id='word_1_4' title='bbox 352 496 535 560; x_wconf 71' lang='lat' dir='ltr'><strong>Pausanias.</strong></span> <span class='ocrx_word' id='word_1_5' title='bbox 555 497 717 560; x_wconf 80' lang='lat' dir='ltr'><strong>Meeisleus</strong></span> <span class='ocrx_word' id='word_1_6' title='bbox 735 518 813 560; x_wconf 81' lang='lat' dir='ltr'><strong>vem</strong></span> <span class='ocrx_word' id='word_1_7' title='bbox 830 498 955 562; x_wconf 87' lang='lat' dir='ltr'><strong>oeoisus</strong></span> <span class='ocrx_word' id='word_1_8' title='bbox 970 521 989 560; x_wconf 92' lang='lat' dir='ltr'><strong>a</strong></span> <span class='ocrx_word' id='word_1_9' title='bbox 1004 498 1191 586; x_wconf 81' lang='lat' dir='ltr'><strong>Menalippo</strong></span> <span class='ocrx_word' id='word_1_10' title='bbox 1205 496 1336 562; x_wconf 83' lang='lat' dir='ltr'><strong>dieitur·</strong></span> 
     </span>
     <span class='ocr_line' id='line_1_3' title="bbox 261 600 1327 691; baseline 0 -25"><span class='ocrx_word' id='word_1_11' title='bbox 261 601 425 668; x_wconf 70' lang='lat' dir='ltr'><strong>Pausania</strong></span> <span class='ocrx_word' id='word_1_12' title='bbox 443 600 497 666; x_wconf 91' lang='lat' dir='ltr'><strong>lib.</strong></span> <span class='ocrx_word' id='word_1_13' title='bbox 517 603 579 682; x_wconf 87' lang='lat' dir='ltr'><strong>IX,</strong></span> <span class='ocrx_word' id='word_1_14' title='bbox 599 603 648 666; x_wconf 82' lang='lat'><strong>18.</strong></span> <span class='ocrx_word' id='word_1_15' title='bbox 669 603 738 691; x_wconf 70' lang='lat' dir='ltr'><strong>Ego</strong></span> <span class='ocrx_word' id='word_1_16' title='bbox 757 625 835 667; x_wconf 78' lang='lat' dir='ltr'><strong>veno</strong></span> <span class='ocrx_word' id='word_1_17' title='bbox 850 619 934 690; x_wconf 80' lang='lat' dir='ltr'><strong>puto</strong></span> <span class='ocrx_word' id='word_1_18' title='bbox 951 601 1185 689; x_wconf 79' lang='lat' dir='ltr'><strong>Apollodorum</strong></span> <span class='ocrx_word' id='word_1_19' title='bbox 1202 603 1238 664; x_wconf 91' lang='lat' dir='ltr'><strong>in</strong></span> <span class='ocrx_word' id='word_1_20' title='bbox 1260 603 1327 666; x_wconf 85' lang='lat' dir='ltr'><strong>hoe</strong></span> 
     </span>
     <span class='ocr_line' id='line_1_4' title="bbox 240 689 1324 797; baseline 0.002 -27"><span class='ocrx_word' id='word_1_21' title='bbox 240 689 331 770; x_wconf 75' lang='lat' dir='ltr'><strong>¹vino</strong></span> <span class='ocrx_word' id='word_1_22' title='bbox 349 729 470 787; x_wconf 84' lang='lat' dir='ltr'><strong>errare,</strong></span> <span class='ocrx_word' id='word_1_23' title='bbox 488 724 544 772; x_wconf 87' lang='lat' dir='ltr'><strong>aut</strong></span> <span class='ocrx_word' id='word_1_24' title='bbox 561 707 651 770; x_wconf 86' lang='lat' dir='ltr'><strong>illum</strong></span> <span class='ocrx_word' id='word_1_25' title='bbox 675 708 862 797; x_wconf 83' lang='lat' dir='ltr'><strong>Catalogum</strong></span> <span class='ocrx_word' id='word_1_26' title='bbox 888 711 1002 772; x_wconf 83' lang='lat' dir='ltr'><strong>malam</strong></span> <span class='ocrx_word' id='word_1_27' title='bbox 1027 729 1159 773; x_wconf 89' lang='lat' dir='ltr'><strong>manum</strong></span> <span class='ocrx_word' id='word_1_28' title='bbox 1181 719 1324 796; x_wconf 82' lang='lat' dir='ltr'><strong>passum.</strong></span> 
     </span>
     <span class='ocr_line' id='line_1_5' title="bbox 262 811 1325 904; baseline 0.001 -28"><span class='ocrx_word' id='word_1_29' title='bbox 262 813 403 876; x_wconf 80' lang='lat' dir='ltr'>Unicum</span> <span class='ocrx_word' id='word_1_30' title='bbox 427 811 631 893; x_wconf 80' lang='lat' dir='ltr'><strong>addendum,</strong></span> <span class='ocrx_word' id='word_1_31' title='bbox 657 813 746 878; x_wconf 88' lang='lat' dir='ltr'><strong>huno</strong></span> <span class='ocrx_word' id='word_1_32' title='bbox 768 814 944 902; x_wconf 75' lang='lat' dir='ltr'><strong>Euryalum</strong></span> <span class='ocrx_word' id='word_1_33' title='bbox 968 815 1101 904; x_wconf 79' lang='lat' dir='ltr'><strong>intelligi</strong></span> <span class='ocrx_word' id='word_1_34' title='bbox 1126 815 1159 877; x_wconf 92' lang='lat' dir='ltr'><strong>in</strong></span> <span class='ocrx_word' id='word_1_35' title='bbox 1183 814 1325 880; x_wconf 81' lang='lat' dir='ltr'><strong>obscuro</strong></span> 
     </span>
     <span class='ocr_line' id='line_1_6' title="bbox 261 907 1324 1005; baseline 0.001 -23"><span class='ocrx_word' id='word_1_36' title='bbox 261 917 364 984; x_wconf 80' lang='lat' dir='ltr'><strong>Ibidis</strong></span> <span class='ocrx_word' id='word_1_37' title='bbox 393 907 556 984; x_wconf 75' lang='lat' dir='ltr'><strong>Ouidianae</strong></span> <span class='ocrx_word' id='word_1_38' title='bbox 586 919 675 999; x_wconf 86' lang='lat' dir='ltr'><strong>loeo,</strong></span> <span class='ocrx_word' id='word_1_39' title='bbox 702 941 783 982; x_wconf 83' lang='lat' dir='ltr'><strong>vers.</strong></span> <span class='ocrx_word' id='word_1_40' title='bbox 805 919 885 1005; x_wconf 82' lang='lat'><strong>287,</strong></span> <span class='ocrx_word' id='word_1_41' title='bbox 912 919 1085 984; x_wconf 79' lang='lat' dir='ltr'><strong>credidisse</strong></span> <span class='ocrx_word' id='word_1_42' title='bbox 1114 921 1324 1000; x_wconf 71' lang='lat' dir='ltr'><strong>Palmatium,</strong></span> 
     </span>
     <span class='ocr_line' id='line_1_7' title="bbox 261 1023 1325 1114; baseline -0.002 -24"><span class='ocrx_word' id='word_1_43' title='bbox 261 1025 398 1090; x_wconf 80' lang='lat' dir='ltr'><strong>Exercit.</strong></span> <span class='ocrx_word' id='word_1_44' title='bbox 416 1023 457 1088; x_wconf 92' lang='lat' dir='ltr'><strong>ad</strong></span> <span class='ocrx_word' id='word_1_45' title='bbox 478 1025 591 1112; x_wconf 81' lang='lat' dir='ltr'><strong>Script.</strong></span> <span class='ocrx_word' id='word_1_46' title='bbox 616 1024 760 1105; x_wconf 72' lang='lat' dir='ltr'><strong>Grecos,</strong></span> <span class='ocrx_word' id='word_1_47' title='bbox 783 1049 854 1114; x_wconf 81' lang='lat' dir='ltr'><strong>pag.</strong></span> <span class='ocrx_word' id='word_1_48' title='bbox 875 1025 957 1112; x_wconf 78' lang='lat'><strong>373,</strong></span> <span class='ocrx_word' id='word_1_49' title='bbox 984 1025 1025 1088; x_wconf 87' lang='lat' dir='ltr'><strong>de</strong></span> <span class='ocrx_word' id='word_1_50' title='bbox 1048 1026 1210 1113; x_wconf 74' lang='lat' dir='ltr'><strong>quotide</strong></span> <span class='ocrx_word' id='word_1_51' title='bbox 1232 1041 1325 1090; x_wconf 77' lang='lat' dir='ltr'><strong>notas</strong></span> 
     </span>
     <span class='ocr_line' id='line_1_8' title="bbox 261 1129 1325 1220; baseline -0.001 -25"><span class='ocrx_word' id='word_1_52' title='bbox 261 1129 302 1196; x_wconf 88' lang='lat' dir='ltr'><strong>ad</strong></span> <span class='ocrx_word' id='word_1_53' title='bbox 318 1130 410 1194; x_wconf 87' lang='lat' dir='ltr'><strong>illum</strong></span> <span class='ocrx_word' id='word_1_54' title='bbox 428 1131 546 1194; x_wconf 87' lang='lat' dir='ltr'><strong>locum.</strong></span> <span class='ocrx_word' id='word_1_55' title='bbox 565 1130 726 1216; x_wconf 73' lang='lat' dir='ltr'><strong>Euryalus</strong></span> <span class='ocrx_word' id='word_1_56' title='bbox 747 1131 831 1194; x_wconf 88' lang='lat' dir='ltr'><strong>inter</strong></span> <span class='ocrx_word' id='word_1_57' title='bbox 851 1152 969 1217; x_wconf 81' lang='lat' dir='ltr'><strong>procos</strong></span> <span class='ocrx_word' id='word_1_58' title='bbox 988 1129 1211 1220; x_wconf 67' lang='lat' dir='ltr'><strong>Hippodamiae</strong></span> <span class='ocrx_word' id='word_1_59' title='bbox 1228 1131 1325 1196; x_wconf 86' lang='lat' dir='ltr'><strong>etiam</strong></span> 
     </span>
    </p>
   </div>
   <div class='ocr_carea' id='block_1_3' title="bbox 138 1235 1326 1324">
    <p class='ocr_par' dir='ltr' id='par_1_3' title="bbox 138 1235 1326 1324">
     <span class='ocr_line' id='line_1_9' title="bbox 138 1235 1326 1324; baseline 0.001 -25"><span class='ocrx_word' id='word_1_60' title='bbox 138 1246 139 1249; x_wconf 76' lang='grc'>’</span> <span class='ocrx_word' id='word_1_61' title='bbox 263 1237 403 1300; x_wconf 82' lang='lat' dir='ltr'><strong>refertur</strong></span> <span class='ocrx_word' id='word_1_62' title='bbox 420 1261 437 1300; x_wconf 87' lang='lat' dir='ltr'><strong>a</strong></span> <span class='ocrx_word' id='word_1_63' title='bbox 454 1237 561 1300; x_wconf 91' lang='lat' dir='ltr'><strong>Schol.</strong></span> <span class='ocrx_word' id='word_1_64' title='bbox 581 1235 672 1300; x_wconf 90' lang='lat' dir='ltr'><strong>Pind.</strong></span> <span class='ocrx_word' id='word_1_65' title='bbox 689 1237 817 1324; x_wconf 70' lang='lat' dir='ltr'><strong>olymp.</strong></span> <span class='ocrx_word' id='word_1_66' title='bbox 836 1239 871 1320; x_wconf 92' lang='lat' dir='ltr'><strong>l,</strong></span> <span class='ocrx_word' id='word_1_67' title='bbox 898 1239 974 1318; x_wconf 76' lang='lat'><strong>126,</strong></span> <span class='ocrx_word' id='word_1_68' title='bbox 993 1254 1026 1302; x_wconf 90' lang='lat' dir='ltr'><strong>et</strong></span> <span class='ocrx_word' id='word_1_69' title='bbox 1041 1238 1177 1301; x_wconf 86' lang='lat' dir='ltr'><strong>Pausan.</strong></span> <span class='ocrx_word' id='word_1_70' title='bbox 1195 1237 1251 1302; x_wconf 84' lang='lat' dir='ltr'><strong>lib.</strong></span> <span class='ocrx_word' id='word_1_71' title='bbox 1261 1237 1326 1319; x_wconf 80' lang='lat' dir='ltr'><strong>Vl,</strong></span> 
     </span>
    </p>
   </div>
   <div class='ocr_carea' id='block_1_4' title="bbox 264 1341 1333 1854">
    <p class='ocr_par' dir='ltr' id='par_1_4' title="bbox 264 1341 1333 1854">
     <span class='ocr_line' id='line_1_10' title="bbox 267 1341 1327 1431; baseline 0.002 -27"><span class='ocrx_word' id='word_1_72' title='bbox 267 1364 323 1423; x_wconf 77' lang='lat' dir='ltr'><strong>at,</strong></span> <span class='ocrx_word' id='word_1_73' title='bbox 341 1341 396 1406; x_wconf 87' lang='lat' dir='ltr'><strong>sed</strong></span> <span class='ocrx_word' id='word_1_74' title='bbox 413 1344 469 1429; x_wconf 91' lang='lat' dir='ltr'><strong>qui</strong></span> <span class='ocrx_word' id='word_1_75' title='bbox 489 1342 556 1420; x_wconf 89' lang='lat' dir='ltr'><strong>ejus</strong></span> <span class='ocrx_word' id='word_1_76' title='bbox 574 1343 709 1429; x_wconf 76' lang='lat' dir='ltr'><strong>patriam</strong></span> <span class='ocrx_word' id='word_1_77' title='bbox 726 1358 758 1406; x_wconf 89' lang='lat' dir='ltr'><strong>et</strong></span> <span class='ocrx_word' id='word_1_78' title='bbox 778 1358 925 1430; x_wconf 86' lang='lat' dir='ltr'><strong>parentes</strong></span> <span class='ocrx_word' id='word_1_79' title='bbox 943 1365 977 1406; x_wconf 86' lang='lat' dir='ltr'><strong>se</strong></span> <span class='ocrx_word' id='word_1_80' title='bbox 993 1343 1140 1431; x_wconf 78' lang='lat' dir='ltr'><strong>ignorare</strong></span> <span class='ocrx_word' id='word_1_81' title='bbox 1156 1341 1255 1407; x_wconf 81' lang='lat' dir='ltr'><strong>addit.</strong></span> <span class='ocrx_word' id='word_1_82' title='bbox 1275 1344 1327 1406; x_wconf 85' lang='lat' dir='ltr'><strong>An</strong></span> 
     </span>
     <span class='ocr_line' id='line_1_11' title="bbox 264 1447 1330 1536; baseline -0.001 -25"><span class='ocrx_word' id='word_1_83' title='bbox 264 1449 317 1514; x_wconf 89' lang='lat' dir='ltr'><strong>ille</strong></span> <span class='ocrx_word' id='word_1_84' title='bbox 338 1449 433 1512; x_wconf 81' lang='lat' dir='ltr'><strong>lateat</strong></span> <span class='ocrx_word' id='word_1_85' title='bbox 450 1447 536 1535; x_wconf 86' lang='lat' dir='ltr'><strong>apud</strong></span> <span class='ocrx_word' id='word_1_86' title='bbox 555 1447 694 1534; x_wconf 67' lang='lat' dir='ltr'><strong>Etymol.</strong></span> <span class='ocrx_word' id='word_1_87' title='bbox 714 1449 822 1536; x_wconf 84' lang='lat' dir='ltr'><strong>magni</strong></span> <span class='ocrx_word' id='word_1_88' title='bbox 845 1449 1034 1536; x_wconf 76' lang='lat' dir='ltr'><strong>scriptorem</strong></span> <span class='ocrx_word' id='word_1_89' title='bbox 1054 1450 1088 1512; x_wconf 87' lang='lat' dir='ltr'><strong>in</strong></span> <span class='ocrx_word' id='word_1_90' title='bbox 1106 1454 1247 1532; x_wconf 66' lang='grc' dir='ltr'><strong>Εὐρυάδις,</strong></span> <span class='ocrx_word' id='word_1_91' title='bbox 1272 1448 1330 1535; x_wconf 87' lang='lat' dir='ltr'><strong>qui</strong></span> 
     </span>
     <span class='ocr_line' id='line_1_12' title="bbox 266 1552 1332 1641; baseline -0.001 -24"><span class='ocrx_word' id='word_1_92' title='bbox 266 1553 386 1621; x_wconf 86' lang='lat' dir='ltr'><strong>dicitur</strong></span> <span class='ocrx_word' id='word_1_93' title='bbox 406 1555 681 1634; x_wconf 56' lang='lat' dir='ltr'><strong>sternentemque,</strong></span> <span class='ocrx_word' id='word_1_94' title='bbox 707 1575 746 1618; x_wconf 89' lang='lat' dir='ltr'><strong>an</strong></span> <span class='ocrx_word' id='word_1_95' title='bbox 773 1553 948 1641; x_wconf 76' lang='lat' dir='ltr'><strong>legendum</strong></span> <span class='ocrx_word' id='word_1_96' title='bbox 971 1563 1110 1635; x_wconf 66' lang='grc' dir='ltr'><strong>Εὐρύαλος,</strong></span> <span class='ocrx_word' id='word_1_97' title='bbox 1133 1576 1201 1620; x_wconf 88' lang='lat' dir='ltr'><strong>non</strong></span> <span class='ocrx_word' id='word_1_98' title='bbox 1225 1552 1332 1620; x_wconf 84' lang='lat' dir='ltr'><strong>audeo</strong></span> 
     </span>
     <span class='ocr_line' id='line_1_13' title="bbox 267 1657 1333 1741; baseline -0.002 -17"><span class='ocrx_word' id='word_1_99' title='bbox 267 1657 416 1741; x_wconf 80' lang='lat' dir='ltr'><strong>definire,</strong></span> <span class='ocrx_word' id='word_1_100' title='bbox 434 1682 494 1722; x_wconf 88' lang='lat' dir='ltr'><strong>neo</strong></span> <span class='ocrx_word' id='word_1_101' title='bbox 512 1660 607 1723; x_wconf 89' lang='lat' dir='ltr'><strong>etiam</strong></span> <span class='ocrx_word' id='word_1_102' title='bbox 629 1682 669 1724; x_wconf 82' lang='lat' dir='ltr'><strong>an</strong></span> <span class='ocrx_word' id='word_1_103' title='bbox 694 1682 730 1724; x_wconf 78' lang='lat' dir='ltr'><strong>ex</strong></span> <span class='ocrx_word' id='word_1_104' title='bbox 752 1682 791 1721; x_wconf 86' lang='lat' dir='ltr'><strong>eo</strong></span> <span class='ocrx_word' id='word_1_105' title='bbox 811 1659 983 1722; x_wconf 76' lang='lat' dir='ltr'><strong>Pausanias</strong></span> <span class='ocrx_word' id='word_1_106' title='bbox 1003 1675 1035 1722; x_wconf 90' lang='lat' dir='ltr'><strong>et</strong></span> <span class='ocrx_word' id='word_1_107' title='bbox 1055 1659 1246 1726; x_wconf 77' lang='lat' dir='ltr'><strong>scholiastes</strong></span> <span class='ocrx_word' id='word_1_108' title='bbox 1266 1659 1333 1726; x_wconf 87' lang='lat' dir='ltr'><strong>sint</strong></span> 
     </span>
     <span class='ocr_line' id='line_1_14' title="bbox 268 1765 763 1854; baseline 0 -24"><span class='ocrx_word' id='word_1_109' title='bbox 268 1765 451 1854; x_wconf 76' lang='lat' dir='ltr'><strong>corrigendi</strong></span> <span class='ocrx_word' id='word_1_110' title='bbox 466 1765 617 1832; x_wconf 84' lang='lat' dir='ltr'><strong>:videant</strong></span> <span class='ocrx_word' id='word_1_111' title='bbox 634 1766 763 1830; x_wconf 82' lang='lat' dir='ltr'><strong>eruditi.</strong></span> 
     </span>
    </p>
   </div>
   <div class='ocr_carea' id='block_1_5' title="bbox 244 2011 1348 4208">
    <p class='ocr_par' dir='ltr' id='par_1_5' title="bbox 244 2011 1348 4208">
     <span class='ocr_line' id='line_1_15' title="bbox 313 2011 1336 2098; baseline -0.004 -22"><span class='ocrx_word' id='word_1_112' title='bbox 313 2011 578 2076; x_wconf 74' lang='lat' dir='ltr'>EURYDAMAS</span> <span class='ocrx_word' id='word_1_113' title='bbox 603 2011 733 2098; x_wconf 81' lang='lat' dir='ltr'><strong>Hygino</strong></span> <span class='ocrx_word' id='word_1_114' title='bbox 759 2012 841 2073; x_wconf 83' lang='lat' dir='ltr'><strong>lilius</strong></span> <span class='ocrx_word' id='word_1_115' title='bbox 872 2014 914 2074; x_wconf 79' lang='lat' dir='ltr'><strong>lrt&#39;</strong></span> <span class='ocrx_word' id='word_1_116' title='bbox 939 2027 971 2075; x_wconf 90' lang='lat' dir='ltr'><strong>et</strong></span> <span class='ocrx_word' id='word_1_117' title='bbox 996 2013 1222 2075; x_wconf 66' lang='lat' dir='ltr'><strong>Demonassae:</strong></span> <span class='ocrx_word' id='word_1_118' title='bbox 1238 2011 1336 2073; x_wconf 78' lang='lat' dir='ltr'><strong>frater</strong></span> 
     </span>
     <span class='ocr_line' id='line_1_16' title="bbox 271 2116 1335 2208; baseline -0.004 -24"><span class='ocrx_word' id='word_1_119' title='bbox 271 2141 348 2208; x_wconf 83' lang='lat' dir='ltr'><strong>ergo</strong></span> <span class='ocrx_word' id='word_1_120' title='bbox 370 2119 432 2180; x_wconf 86' lang='lat' dir='ltr'><strong>fuit</strong></span> <span class='ocrx_word' id='word_1_121' title='bbox 449 2117 654 2204; x_wconf 81' lang='lat' dir='ltr'><strong>Eurytionis,</strong></span> <span class='ocrx_word' id='word_1_122' title='bbox 680 2116 802 2204; x_wconf 88' lang='lat' dir='ltr'><strong>dequo</strong></span> <span class='ocrx_word' id='word_1_123' title='bbox 821 2139 897 2181; x_wconf 83' lang='lat' dir='ltr'><strong>mox</strong></span> <span class='ocrx_word' id='word_1_124' title='bbox 913 2140 1054 2206; x_wconf 81' lang='lat' dir='ltr'><strong>agemus.</strong></span> <span class='ocrx_word' id='word_1_125' title='bbox 1071 2116 1171 2180; x_wconf 84' lang='lat' dir='ltr'><strong>Addit</strong></span> <span class='ocrx_word' id='word_1_126' title='bbox 1183 2117 1335 2205; x_wconf 51' lang='lat' dir='ltr'><strong>&#39;Hyginus</strong></span> 
     </span>
     <span class='ocr_line' id='line_1_17' title="bbox 272 2215 1337 2310; baseline -0.005 -23"><span class='ocrx_word' id='word_1_127' title='bbox 272 2225 367 2303; x_wconf 82' lang='lat' dir='ltr'><strong>alios,</strong></span> <span class='ocrx_word' id='word_1_128' title='bbox 386 2221 488 2287; x_wconf 88' lang='lat' dir='ltr'><strong>filium</strong></span> <span class='ocrx_word' id='word_1_129' title='bbox 502 2215 637 2286; x_wconf 76' lang='lat' dir='ltr'><strong>Clt&#39;meni</strong></span> <span class='ocrx_word' id='word_1_130' title='bbox 647 2223 749 2284; x_wconf 68' lang='lat' dir='ltr'><strong>lacere</strong></span> <span class='ocrx_word' id='word_1_131' title='bbox 759 2271 767 2302; x_wconf 89' lang='lat'><strong>,</strong></span> <span class='ocrx_word' id='word_1_132' title='bbox 779 2223 835 2310; x_wconf 85' lang='lat' dir='ltr'><strong>qui</strong></span> <span class='ocrx_word' id='word_1_133' title='bbox 851 2223 942 2304; x_wconf 80' lang='lat' dir='ltr'><strong>juxta</strong></span> <span class='ocrx_word' id='word_1_134' title='bbox 955 2223 1063 2286; x_wconf 83' lang='lat' dir='ltr'><strong>locum</strong></span> <span class='ocrx_word' id='word_1_135' title='bbox 1077 2222 1222 2310; x_wconf 79' lang='lat' dir='ltr'><strong>Xynium</strong></span> <span class='ocrx_word' id='word_1_136' title='bbox 1235 2221 1337 2286; x_wconf 88' lang='lat' dir='ltr'><strong>Dolo·</strong></span> 
     </span>
     <span class='ocr_line' id='line_1_18' title="bbox 272 2324 1338 2417; baseline -0.003 -26"><span class='ocrx_word' id='word_1_137' title='bbox 272 2328 400 2417; x_wconf 85' lang='lat' dir='ltr'><strong>peidem</strong></span> <span class='ocrx_word' id='word_1_138' title='bbox 417 2328 532 2390; x_wconf 77' lang='lat' dir='ltr'><strong>unbem</strong></span> <span class='ocrx_word' id='word_1_139' title='bbox 546 2327 760 2408; x_wconf 76' lang='lat' dir='ltr'><strong>inhabiubat;</strong></span> <span class='ocrx_word' id='word_1_140' title='bbox 778 2351 851 2414; x_wconf 83' lang='lat' dir='ltr'><strong>qute</strong></span> <span class='ocrx_word' id='word_1_141' title='bbox 866 2349 907 2392; x_wconf 82' lang='lat' dir='ltr'><strong>ex</strong></span> <span class='ocrx_word' id='word_1_142' title='bbox 924 2328 1087 2415; x_wconf 76' lang='lat' dir='ltr'><strong>Apollonii</strong></span> <span class='ocrx_word' id='word_1_143' title='bbox 1103 2327 1159 2391; x_wconf 90' lang='lat' dir='ltr'><strong>lib.</strong></span> <span class='ocrx_word' id='word_1_144' title='bbox 1175 2327 1207 2409; x_wconf 88' lang='lat' dir='ltr'><strong>I,</strong></span> <span class='ocrx_word' id='word_1_145' title='bbox 1223 2327 1280 2407; x_wconf 88' lang='grc'><strong>68,</strong></span> <span class='ocrx_word' id='word_1_146' title='bbox 1295 2324 1338 2389; x_wconf 84' lang='lat' dir='ltr'><strong>ad</strong></span> 
     </span>
     <span class='ocr_line' id='line_1_19' title="bbox 272 2429 1338 2512; baseline -0.002 -16"><span class='ocrx_word' id='word_1_147' title='bbox 272 2434 409 2497; x_wconf 84' lang='lat' dir='ltr'><strong>verbum</strong></span> <span class='ocrx_word' id='word_1_148' title='bbox 433 2434 500 2508; x_wconf 85' lang='lat' dir='ltr'><strong>fere</strong></span> <span class='ocrx_word' id='word_1_149' title='bbox 515 2453 606 2495; x_wconf 77' lang='lat' dir='ltr'><strong>versa</strong></span> <span class='ocrx_word' id='word_1_150' title='bbox 621 2449 713 2512; x_wconf 69' lang='lat' dir='ltr'><strong>sunt,</strong></span> <span class='ocrx_word' id='word_1_151' title='bbox 728 2433 786 2495; x_wconf 88' lang='lat' dir='ltr'><strong>ubi</strong></span> <span class='ocrx_word' id='word_1_152' title='bbox 802 2448 835 2496; x_wconf 87' lang='lat' dir='ltr'><strong>et</strong></span> <span class='ocrx_word' id='word_1_153' title='bbox 848 2429 1045 2496; x_wconf 75' lang='lat' dir='ltr'><strong>‘scholiastes</strong></span> <span class='ocrx_word' id='word_1_154' title='bbox 1065 2449 1156 2497; x_wconf 86' lang='lat' dir='ltr'><strong>notat</strong></span> <span class='ocrx_word' id='word_1_155' title='bbox 1178 2433 1338 2497; x_wconf 67' lang='lat' dir='ltr'><strong>Cairieses</strong></span> 
     </span>
     <span class='ocr_line' id='line_1_20' title="bbox 274 2531 1339 2627; baseline -0.002 -25"><span class='ocrx_word' id='word_1_156' title='bbox 274 2539 389 2602; x_wconf 85' lang='lat' dir='ltr'><strong>urbem</strong></span> <span class='ocrx_word' id='word_1_157' title='bbox 400 2539 588 2617; x_wconf 74' lang='lat' dir='ltr'><strong>Thessaliae,</strong></span> <span class='ocrx_word' id='word_1_158' title='bbox 605 2555 638 2600; x_wconf 84' lang='lat' dir='ltr'><strong>et</strong></span> <span class='ocrx_word' id='word_1_159' title='bbox 653 2536 825 2626; x_wconf 72' lang='lat' dir='ltr'><strong>Dolopetila</strong></span> <span class='ocrx_word' id='word_1_160' title='bbox 845 2539 952 2601; x_wconf 78' lang='lat' dir='ltr'><strong>vocari</strong></span> <span class='ocrx_word' id='word_1_161' title='bbox 961 2539 1167 2603; x_wconf 84' lang='lat' dir='ltr'><strong>Thessaliam.</strong></span> <span class='ocrx_word' id='word_1_162' title='bbox 1186 2531 1339 2627; x_wconf 82' lang='lat' dir='ltr'><strong>Orpheus</strong></span> 
     </span>
     <span class='ocr_line' id='line_1_21' title="bbox 275 2641 1340 2723; baseline -0.002 -15"><span class='ocrx_word' id='word_1_163' title='bbox 275 2644 354 2710; x_wconf 88' lang='lat' dir='ltr'><strong>dicit</strong></span> <span class='ocrx_word' id='word_1_164' title='bbox 367 2665 413 2707; x_wconf 85' lang='lat' dir='ltr'><strong>vs.</strong></span> <span class='ocrx_word' id='word_1_165' title='bbox 434 2643 495 2721; x_wconf 68' lang='lat'><strong>164</strong></span> <span class='ocrx_word' id='word_1_166' title='bbox 510 2644 636 2706; x_wconf 84' lang='lat' dir='ltr'><strong>venisse</strong></span> <span class='ocrx_word' id='word_1_167' title='bbox 652 2665 669 2704; x_wconf 86' lang='lat' dir='ltr'><strong>a</strong></span> <span class='ocrx_word' id='word_1_168' title='bbox 690 2643 761 2706; x_wconf 83' lang='lat' dir='ltr'><strong>lacu</strong></span> <span class='ocrx_word' id='word_1_169' title='bbox 779 2642 944 2718; x_wconf 69' lang='lat' dir='ltr'><strong>aeneide,</strong></span> <span class='ocrx_word' id='word_1_170' title='bbox 956 2644 1048 2723; x_wconf 80' lang='lat' dir='ltr'><strong>juxta</strong></span> <span class='ocrx_word' id='word_1_171' title='bbox 1063 2645 1208 2708; x_wconf 82' lang='lat' dir='ltr'><strong>Peneum</strong></span> <span class='ocrx_word' id='word_1_172' title='bbox 1224 2659 1257 2707; x_wconf 85' lang='lat' dir='ltr'><strong>et</strong></span> <span class='ocrx_word' id='word_1_173' title='bbox 1272 2641 1340 2706; x_wconf 88' lang='lat' dir='ltr'><strong>Ille·</strong></span> 
     </span>
     <span class='ocr_line' id='line_1_22' title="bbox 276 2745 1339 2840; baseline -0.005 -24"><span class='ocrx_word' id='word_1_174' title='bbox 276 2750 420 2828; x_wconf 79' lang='lat' dir='ltr'><strong>libaeam3</strong></span> <span class='ocrx_word' id='word_1_175' title='bbox 438 2747 527 2812; x_wconf 87' lang='lat' dir='ltr'><strong>unde</strong></span> <span class='ocrx_word' id='word_1_176' title='bbox 550 2745 701 2811; x_wconf 86' lang='lat' dir='ltr'><strong>eumdem</strong></span> <span class='ocrx_word' id='word_1_177' title='bbox 722 2750 831 2811; x_wconf 86' lang='lat' dir='ltr'><strong>locum</strong></span> <span class='ocrx_word' id='word_1_178' title='bbox 854 2745 976 2835; x_wconf 77' lang='lat' dir='ltr'><strong>duplici</strong></span> <span class='ocrx_word' id='word_1_179' title='bbox 994 2750 1128 2812; x_wconf 86' lang='lat' dir='ltr'><strong>nomine</strong></span> <span class='ocrx_word' id='word_1_180' title='bbox 1145 2749 1339 2840; x_wconf 85' lang='lat' dir='ltr'><strong>appellatum</strong></span> 
     </span>
     <span class='ocr_line' id='line_1_23' title="bbox 277 2851 1341 2942; baseline -0.006 -20"><span class='ocrx_word' id='word_1_181' title='bbox 277 2857 377 2922; x_wconf 84' lang='lat' dir='ltr'><strong>fuisse</strong></span> <span class='ocrx_word' id='word_1_182' title='bbox 390 2855 562 2920; x_wconf 84' lang='lat' dir='ltr'><strong>docuimus</strong></span> <span class='ocrx_word' id='word_1_183' title='bbox 576 2853 616 2917; x_wconf 89' lang='lat' dir='ltr'><strong>ad</strong></span> <span class='ocrx_word' id='word_1_184' title='bbox 629 2854 698 2918; x_wconf 78' lang='lat' dir='ltr'><strong>val.</strong></span> <span class='ocrx_word' id='word_1_185' title='bbox 713 2853 818 2918; x_wconf 78' lang='lat' dir='ltr'><strong>Flaoe.</strong></span> <span class='ocrx_word' id='word_1_186' title='bbox 832 2854 857 2934; x_wconf 88' lang='lat' dir='ltr'><strong>l,</strong></span> <span class='ocrx_word' id='word_1_187' title='bbox 871 2855 946 2938; x_wconf 69' lang='grc'><strong>449.</strong></span> <span class='ocrx_word' id='word_1_188' title='bbox 963 2853 1053 2918; x_wconf 88' lang='lat' dir='ltr'><strong>Nihil</strong></span> <span class='ocrx_word' id='word_1_189' title='bbox 1065 2869 1216 2942; x_wconf 79' lang='lat' dir='ltr'><strong>praeterea</strong></span> <span class='ocrx_word' id='word_1_190' title='bbox 1225 2851 1267 2917; x_wconf 88' lang='lat' dir='ltr'><strong>de</strong></span> <span class='ocrx_word' id='word_1_191' title='bbox 1276 2853 1341 2916; x_wconf 86' lang='lat' dir='ltr'><strong>hoc</strong></span> 
     </span>
     <span class='ocr_line' id='line_1_24' title="bbox 264 2957 1342 3049; baseline -0.006 -23"><span class='ocrx_word' id='word_1_192' title='bbox 264 2957 523 3048; x_wconf 64' lang='lat' dir='ltr'><strong>&#39;Eurydamas</strong></span> <span class='ocrx_word' id='word_1_193' title='bbox 539 2963 660 3049; x_wconf 81' lang='lat' dir='ltr'><strong>reperi,</strong></span> <span class='ocrx_word' id='word_1_194' title='bbox 684 2983 781 3047; x_wconf 90' lang='lat' dir='ltr'><strong>quem</strong></span> <span class='ocrx_word' id='word_1_195' title='bbox 804 2959 949 3022; x_wconf 85' lang='lat' dir='ltr'><strong>Valerius</strong></span> <span class='ocrx_word' id='word_1_196' title='bbox 978 2975 1090 3022; x_wconf 84' lang='lat' dir='ltr'><strong>noster</strong></span> <span class='ocrx_word' id='word_1_197' title='bbox 1109 2961 1238 3044; x_wconf 85' lang='lat' dir='ltr'><strong>omisit,</strong></span> <span class='ocrx_word' id='word_1_198' title='bbox 1254 2975 1291 3021; x_wconf 88' lang='lat' dir='ltr'><strong>ut</strong></span> <span class='ocrx_word' id='word_1_199' title='bbox 1309 2973 1342 3021; x_wconf 90' lang='lat' dir='ltr'><strong>et</strong></span> 
     </span>
     <span class='ocr_line' id='line_1_25' title="bbox 280 3061 1342 3156; baseline -0.008 -25"><span class='ocrx_word' id='word_1_200' title='bbox 280 3067 515 3156; x_wconf 73' lang='lat' dir='ltr'><strong>Apollodorus,</strong></span> <span class='ocrx_word' id='word_1_201' title='bbox 531 3065 587 3152; x_wconf 81' lang='lat' dir='ltr'><strong>qui</strong></span> <span class='ocrx_word' id='word_1_202' title='bbox 604 3064 659 3128; x_wconf 89' lang='lat' dir='ltr'><strong>lib.</strong></span> <span class='ocrx_word' id='word_1_203' title='bbox 677 3063 727 3139; x_wconf 88' lang='lat'><strong>11,</strong></span> <span class='ocrx_word' id='word_1_204' title='bbox 745 3087 772 3127; x_wconf 90' lang='lat' dir='ltr'><strong>e.</strong></span> <span class='ocrx_word' id='word_1_205' title='bbox 793 3085 820 3144; x_wconf 88' lang='lat'><strong>1,</strong></span> <span class='ocrx_word' id='word_1_206' title='bbox 836 3067 854 3143; x_wconf 77' lang='lat' dir='ltr'>S</span> <span class='ocrx_word' id='word_1_207' title='bbox 870 3061 900 3142; x_wconf 87' lang='lat'><strong>5,</strong></span> <span class='ocrx_word' id='word_1_208' title='bbox 920 3079 1078 3126; x_wconf 81' lang='lat' dir='ltr'><strong>memorat</strong></span> <span class='ocrx_word' id='word_1_209' title='bbox 1095 3064 1342 3149; x_wconf 65' lang='lat' dir='ltr'><strong>Eutydamanta</strong></span> 
     </span>
     <span class='ocr_line' id='line_1_26' title="bbox 281 3165 1342 3260; baseline -0.005 -24"><span class='ocrx_word' id='word_1_210' title='bbox 281 3170 472 3260; x_wconf 86' lang='lat' dir='ltr'><strong>quemdam,</strong></span> <span class='ocrx_word' id='word_1_211' title='bbox 491 3170 545 3236; x_wconf 86' lang='lat' dir='ltr'><strong>cui</strong></span> <span class='ocrx_word' id='word_1_212' title='bbox 567 3169 704 3256; x_wconf 85' lang='lat' dir='ltr'><strong>contigit</strong></span> <span class='ocrx_word' id='word_1_213' title='bbox 717 3167 853 3249; x_wconf 82' lang='lat' dir='ltr'><strong>Pharte,</strong></span> <span class='ocrx_word' id='word_1_214' title='bbox 878 3165 941 3230; x_wconf 88' lang='lat' dir='ltr'><strong>filia</strong></span> <span class='ocrx_word' id='word_1_215' title='bbox 957 3167 1069 3232; x_wconf 82' lang='lat' dir='ltr'><strong>Danai.</strong></span> <span class='ocrx_word' id='word_1_216' title='bbox 1089 3169 1178 3231; x_wconf 82' lang='lat' dir='ltr'><strong>Alius</strong></span> <span class='ocrx_word' id='word_1_217' title='bbox 1188 3167 1342 3254; x_wconf 71' lang='lat' dir='ltr'><strong>Euryda-</strong></span> 
     </span>
     <span class='ocr_line' id='line_1_27' title="bbox 281 3272 1344 3364; baseline -0.006 -22"><span class='ocrx_word' id='word_1_218' title='bbox 281 3301 350 3342; x_wconf 77' lang='lat' dir='ltr'><strong>mas</strong></span> <span class='ocrx_word' id='word_1_219' title='bbox 369 3279 453 3342; x_wconf 82' lang='lat' dir='ltr'><strong>inter</strong></span> <span class='ocrx_word' id='word_1_220' title='bbox 476 3297 590 3364; x_wconf 86' lang='lat' dir='ltr'><strong>procos</strong></span> <span class='ocrx_word' id='word_1_221' title='bbox 616 3273 786 3362; x_wconf 79' lang='lat' dir='ltr'><strong>Penelopae</strong></span> <span class='ocrx_word' id='word_1_222' title='bbox 804 3273 900 3337; x_wconf 80' lang='lat' dir='ltr'><strong>Hom:</strong></span> <span class='ocrx_word' id='word_1_223' title='bbox 922 3272 1038 3361; x_wconf 81' lang='lat' dir='ltr'><strong>Odyss.</strong></span> <span class='ocrx_word' id='word_1_224' title='bbox 1059 3274 1189 3354; x_wconf 84' lang='lat' dir='ltr'>XVIII,</span> <span class='ocrx_word' id='word_1_225' title='bbox 1215 3275 1295 3362; x_wconf 80' lang='lat'><strong>296,</strong></span> <span class='ocrx_word' id='word_1_226' title='bbox 1311 3289 1344 3337; x_wconf 80' lang='lat' dir='ltr'><strong>et</strong></span> 
     </span>
     <span class='ocr_line' id='line_1_28' title="bbox 244 3367 1344 3468; baseline -0.007 -20"><span class='ocrx_word' id='word_1_227' title='bbox 244 3427 246 3430; x_wconf 94' lang='lat'>-</span> <span class='ocrx_word' id='word_1_228' title='bbox 281 3385 354 3449; x_wconf 88' lang='lat' dir='ltr'><strong>alibi</strong></span> <span class='ocrx_word' id='word_1_229' title='bbox 379 3395 593 3462; x_wconf 82' lang='lat' dir='ltr'><strong>memoratur;</strong></span> <span class='ocrx_word' id='word_1_230' title='bbox 616 3377 690 3442; x_wconf 84' lang='lat' dir='ltr'><strong>vide</strong></span> <span class='ocrx_word' id='word_1_231' title='bbox 709 3367 748 3443; x_wconf 77' lang='lat' dir='ltr'><strong>cl.</strong></span> <span class='ocrx_word' id='word_1_232' title='bbox 776 3378 993 3442; x_wconf 62' lang='lat' dir='ltr'><strong>Drakenb.=ad</strong></span> <span class='ocrx_word' id='word_1_233' title='bbox 1008 3379 1064 3444; x_wconf 89' lang='lat' dir='ltr'><strong>Sil.</strong></span> <span class='ocrx_word' id='word_1_234' title='bbox 1087 3381 1136 3461; x_wconf 91' lang='lat' dir='ltr'><strong>II,</strong></span> <span class='ocrx_word' id='word_1_235' title='bbox 1162 3381 1233 3468; x_wconf 80' lang='lat'><strong>178.</strong></span> <span class='ocrx_word' id='word_1_236' title='bbox 1254 3379 1344 3444; x_wconf 80' lang='lat' dir='ltr'><strong>Alius</strong></span> 
     </span>
     <span class='ocr_line' id='line_1_29' title="bbox 283 3482 1343 3574; baseline -0.004 -22"><span class='ocrx_word' id='word_1_237' title='bbox 283 3489 486 3552; x_wconf 82' lang='lat' dir='ltr'><strong>somniorum</strong></span> <span class='ocrx_word' id='word_1_238' title='bbox 513 3487 690 3572; x_wconf 75' lang='lat' dir='ltr'><strong>interpres,</strong></span> <span class='ocrx_word' id='word_1_239' title='bbox 712 3485 805 3565; x_wconf 83' lang='lat' dir='ltr'><strong>eujus</strong></span> <span class='ocrx_word' id='word_1_240' title='bbox 828 3482 911 3548; x_wconf 84' lang='lat' dir='ltr'><strong>lilios</strong></span> <span class='ocrx_word' id='word_1_241' title='bbox 936 3485 1094 3550; x_wconf 78' lang='lat' dir='ltr'><strong>Abantem</strong></span> <span class='ocrx_word' id='word_1_242' title='bbox 1120 3499 1153 3550; x_wconf 87' lang='lat' dir='ltr'><strong>et</strong></span> <span class='ocrx_word' id='word_1_243' title='bbox 1176 3485 1343 3574; x_wconf 77' lang='lat' dir='ltr'><strong>Polyidem</strong></span> 
     </span>
     <span class='ocr_line' id='line_1_30' title="bbox 285 3586 1344 3677; baseline -0.003 -21"><span class='ocrx_word' id='word_1_244' title='bbox 285 3593 444 3656; x_wconf 74' lang='lat' dir='ltr'><strong>interfecit</strong></span> <span class='ocrx_word' id='word_1_245' title='bbox 460 3588 647 3672; x_wconf 86' lang='lat' dir='ltr'><strong>Diomedes,</strong></span> <span class='ocrx_word' id='word_1_246' title='bbox 666 3589 703 3654; x_wconf 88' lang='lat' dir='ltr'><strong>lt.</strong></span> <span class='ocrx_word' id='word_1_247' title='bbox 718 3589 758 3670; x_wconf 83' lang='lat' dir='ltr'><strong>V,</strong></span> <span class='ocrx_word' id='word_1_248' title='bbox 776 3586 848 3666; x_wconf 64' lang='lat'><strong>1&#39;48.</strong></span> <span class='ocrx_word' id='word_1_249' title='bbox 858 3589 1106 3677; x_wconf 80' lang='lat' dir='ltr'><strong>Tryphiodorus</strong></span> <span class='ocrx_word' id='word_1_250' title='bbox 1119 3591 1205 3654; x_wconf 81' lang='lat' dir='ltr'><strong>iuter</strong></span> <span class='ocrx_word' id='word_1_251' title='bbox 1215 3591 1344 3674; x_wconf 88' lang='lat' dir='ltr'><strong>heroas,</strong></span> 
     </span>
     <span class='ocr_line' id='line_1_31' title="bbox 285 3681 1346 3787; baseline 0 -26"><span class='ocrx_word' id='word_1_252' title='bbox 285 3699 343 3787; x_wconf 88' lang='lat' dir='ltr'><strong>qui</strong></span> <span class='ocrx_word' id='word_1_253' title='bbox 367 3699 400 3760; x_wconf 92' lang='lat' dir='ltr'><strong>in</strong></span> <span class='ocrx_word' id='word_1_254' title='bbox 427 3717 516 3781; x_wconf 89' lang='lat' dir='ltr'><strong>equo</strong></span> <span class='ocrx_word' id='word_1_255' title='bbox 537 3695 677 3775; x_wconf 84' lang='lat' dir='ltr'><strong>Trojano</strong></span> <span class='ocrx_word' id='word_1_256' title='bbox 698 3695 822 3760; x_wconf 82' lang='lat' dir='ltr'><strong>conditi</strong></span> <span class='ocrx_word' id='word_1_257' title='bbox 844 3693 994 3777; x_wconf 73' lang='lat' dir='ltr'><strong>filerunt,</strong></span> <span class='ocrx_word' id='word_1_258' title='bbox 1020 3681 1346 3783; x_wconf 65' lang='lat' dir='ltr'><strong>memorat‘Eutydo·</strong></span> 
     </span>
     <span class='ocr_line' id='line_1_32' title="bbox 288 3800 1346 3892; baseline -0.002 -24"><span class='ocrx_word' id='word_1_259' title='bbox 288 3815 415 3881; x_wconf 78' lang='lat' dir='ltr'><strong>manta,</strong></span> <span class='ocrx_word' id='word_1_260' title='bbox 440 3801 533 3864; x_wconf 82' lang='lat' dir='ltr'><strong>Peliae</strong></span> <span class='ocrx_word' id='word_1_261' title='bbox 557 3800 677 3882; x_wconf 90' lang='lat' dir='ltr'><strong>filium,</strong></span> <span class='ocrx_word' id='word_1_262' title='bbox 693 3827 739 3867; x_wconf 84' lang='lat' dir='ltr'><strong>vs.</strong></span> <span class='ocrx_word' id='word_1_263' title='bbox 758 3825 838 3890; x_wconf 87' lang='lat'>177;</span> <span class='ocrx_word' id='word_1_264' title='bbox 866 3823 963 3889; x_wconf 90' lang='lat' dir='ltr'><strong>quem</strong></span> <span class='ocrx_word' id='word_1_265' title='bbox 985 3802 1070 3867; x_wconf 86' lang='lat' dir='ltr'><strong>inter</strong></span> <span class='ocrx_word' id='word_1_266' title='bbox 1088 3819 1235 3892; x_wconf 84' lang='lat' dir='ltr'><strong>posteros</strong></span> <span class='ocrx_word' id='word_1_267' title='bbox 1254 3803 1346 3868; x_wconf 80' lang='lat' dir='ltr'><strong>Peliae</strong></span> 
     </span>
     <span class='ocr_line' id='line_1_33' title="bbox 288 3908 1346 3996; baseline 0.002 -24"><span class='ocrx_word' id='word_1_268' title='bbox 288 3931 354 3972; x_wconf 88' lang='lat' dir='ltr'><strong>non</strong></span> <span class='ocrx_word' id='word_1_269' title='bbox 374 3908 519 3996; x_wconf 78' lang='lat' dir='ltr'><strong>reperio,</strong></span> <span class='ocrx_word' id='word_1_270' title='bbox 538 3909 598 3972; x_wconf 89' lang='lat' dir='ltr'><strong>nisi</strong></span> <span class='ocrx_word' id='word_1_271' title='bbox 616 3909 696 3972; x_wconf 89' lang='lat' dir='ltr'><strong>alius</strong></span> <span class='ocrx_word' id='word_1_272' title='bbox 720 3909 839 3991; x_wconf 83' lang='lat' dir='ltr'><strong>Pelias,</strong></span> <span class='ocrx_word' id='word_1_273' title='bbox 861 3930 960 3995; x_wconf 87' lang='lat' dir='ltr'><strong>quam</strong></span> <span class='ocrx_word' id='word_1_274' title='bbox 982 3909 1112 3972; x_wconf 83' lang='lat' dir='ltr'><strong>Crethei</strong></span> <span class='ocrx_word' id='word_1_275' title='bbox 1135 3908 1219 3973; x_wconf 87' lang='lat' dir='ltr'><strong>lilius</strong></span> <span class='ocrx_word' id='word_1_276' title='bbox 1239 3911 1346 3975; x_wconf 84' lang='lat' dir='ltr'><strong>fuerit.</strong></span> 
     </span>
     <span class='ocr_line' id='line_1_34' title="bbox 288 4013 1347 4102; baseline 0 -24"><span class='ocrx_word' id='word_1_277' title='bbox 288 4015 446 4100; x_wconf 67' lang='lat' dir='ltr'><strong>Eutymus</strong></span> <span class='ocrx_word' id='word_1_278' title='bbox 464 4013 594 4101; x_wconf 83' lang='lat' dir='ltr'><strong>quidam</strong></span> <span class='ocrx_word' id='word_1_279' title='bbox 617 4037 636 4078; x_wconf 88' lang='lat' dir='ltr'><strong>a</strong></span> <span class='ocrx_word' id='word_1_280' title='bbox 658 4014 789 4082; x_wconf 83' lang='lat' dir='ltr'><strong>Polluce</strong></span> <span class='ocrx_word' id='word_1_281' title='bbox 810 4015 1018 4096; x_wconf 78' lang='lat' dir='ltr'><strong>interfectus,</strong></span> <span class='ocrx_word' id='word_1_282' title='bbox 1041 4017 1117 4102; x_wconf 82' lang='lat' dir='ltr'><strong>quia</strong></span> <span class='ocrx_word' id='word_1_283' title='bbox 1138 4032 1207 4080; x_wconf 85' lang='lat' dir='ltr'><strong>erat</strong></span> <span class='ocrx_word' id='word_1_284' title='bbox 1226 4015 1347 4080; x_wconf 86' lang='lat' dir='ltr'><strong>calum·</strong></span> 
     </span>
     <span class='ocr_line' id='line_1_35' title="bbox 291 4119 1348 4208; baseline -0.005 -20"><span class='ocrx_word' id='word_1_285' title='bbox 291 4121 548 4205; x_wconf 51' lang='lat' dir='ltr'><strong>niaurmusus„</strong></span> <span class='ocrx_word' id='word_1_286' title='bbox 565 4121 704 4186; x_wconf 82' lang='lat' dir='ltr'><strong>refertur</strong></span> <span class='ocrx_word' id='word_1_287' title='bbox 715 4120 756 4185; x_wconf 85' lang='lat' dir='ltr'><strong>ab</strong></span> <span class='ocrx_word' id='word_1_288' title='bbox 769 4119 947 4208; x_wconf 77' lang='lat' dir='ltr'><strong>Hesychi03</strong></span> <span class='ocrx_word' id='word_1_289' title='bbox 964 4119 1020 4184; x_wconf 87' lang='lat' dir='ltr'><strong>ubi</strong></span> <span class='ocrx_word' id='word_1_290' title='bbox 1042 4121 1125 4185; x_wconf 77' lang='lat' dir='ltr'><strong>forte</strong></span> <span class='ocrx_word' id='word_1_291' title='bbox 1150 4121 1348 4207; x_wconf 72' lang='lat' dir='ltr'><strong>Eurydamas</strong></span> 
     </span>
    </p>
   </div>
   <div class='ocr_carea' id='block_1_6' title="bbox 0 0 1536 4702">
    <p class='ocr_par' dir='ltr' id='par_1_6' title="bbox 0 0 1536 4702">
     <span class='ocr_line' id='line_1_36' title="bbox 0 0 1536 4702; baseline 0 0"><span class='ocrx_word' id='word_1_292' title='bbox 0 0 1536 4702; x_wconf 95' lang='lat' dir='ltr'><strong> </strong></span> 
     </span>
    </p>
   </div>
  </div>
 </body>
</html>
