3002 4680
268 349 307 414 52
573 348 608 410 C.
631 345 828 410 VALERII
857 348 1029 414 FLACCI

231 518 241 542 .·
309 483 379 546 lam
396 499 463 542 non
482 499 541 567 per
555 477 656 566 ripas,
671 477 736 558 jam
753 499 821 543 non
839 501 896 568 per
913 502 1011 544 curva
1027 481 1192 545 volantem

308 595 443 684 Stagna,
459 591 569 658 necin
586 592 693 656 medio
710 608 915 658 truncantem
933 617 1094 659 memore
1112 618 1234 660 cervos.

303 729 308 734 ·
351 709 493 797 Eurytus
506 709 678 773 Exomatas
692 708 757 798 agit
769 731 910 797 aequore.
925 711 1071 774 Nestoris
1083 709 1182 775 hastae

308 824 498 888 immoritur
514 822 686 911 primaevus
702 823 794 886 Helix
813 821 898 909 (nec
914 823 1040 889 reddita
1055 847 1129 889 caro
1293 846 1332 898 570

307 939 516 1004 Nutrimenta
529 935 634 1026 patri)
652 936 805 1001 brevibus
819 953 995 1026 praereptus
1009 939 1043 1002 in
1059 939 1164 1004 annis.

306 1052 349 1115 At
360 1052 516 1140 Latagum
531 1051 696 1137 Zatcnque
710 1051 832 1137 Daraps
844 1075 853 1132 3
871 1051 962 1115 illum
980 1053 1078 1143 exigit
1092 1053 1201 1134 hasta,

306 1157 404 1232 Hunc
420 1166 528 1255 fugat,
544 1165 709 1254 ingentem
727 1163 825 1228 subiti
840 1188 943 1253 quum
961 1168 1126 1256 sanguinis
1142 1167 1263 1232 undam

306 1281 412 1364 Vidit,
430 1293 462 1344 et
478 1294 622 1344 extremo
641 1278 781 1342 lucentia
797 1294 928 1368 pectora
944 1281 1041 1344 ferro.

348 1395 432 1459 Ecce
445 1409 554 1458 autem
568 1391 669 1456 muris
683 1389 826 1456 residens
840 1391 955 1457 Medea
968 1395 1128 1482 paternis,
1291 1413 1330 1465 sn

301 1511 434 1601 Singula
450 1508 530 1573 dum
546 1499 654 1598 magni
670 1508 785 1573 lustrat
799 1509 974 1572 certamina
989 1509 1083 1592 belli,
1115 1524 1119 1538 ¹

302 1629 409 1715 Atque
425 1625 487 1689 hos
505 1626 574 1713 ipsa
589 1623 704 1713 procul
722 1621 821 1687 densa
837 1625 872 1688 in
888 1623 1023 1713 caligine
1039 1645 1131 1714 reges

303 1740 479 1831 Agnoscit,
497 1739 676 1827 quaeritque
694 1737 771 1801 alios
785 1738 914 1801 lunone
929 1739 1096 1829 magistra,

302 1846 468 1934 Conspicit
483 1844 657 1909 AEsonium
672 1844 768 1932 longe
783 1859 900 1931 caput,
916 1867 954 1909 ac
966 1846 1063 1909 simul
1076 1868 1163 1910 acres

303 1964 378 2027 Huc
391 1960 504 2026 oculos
521 1980 700 2047 sensusque
712 1958 811 2024 refert
822 1959 1035 2049 animumque
1047 1961 1223 2044 faventem3
1290 1980 1329 2020 sn

302 2078 418 2158 Nunc,
432 2098 500 2165 quo
513 2097 548 2140 se
564 2089 708 2163 raperet,
725 2097 829 2156 nunc,
844 2098 911 2163 quo
926 2074 1071 2140 diversus
1087 2076 1206 2158 abiret,

289 2247 343 2306 ⁵7¹·
354 2245 464 2292 Brers'bus
472 2255 566 2306 ereptus.
578 2244 652 2292 Vatis.
663 2243 716 2290 cod.
729 2245 814 2292 Primis
824 2253 919 2306 smptus
935 2246 1026 2291 Bonan.
1043 2243 1096 2290 cod.
1114 2246 1204 2291 Bonon.
1225 2247 1235 2292 1
1253 2255 1277 2292 et
1288 2247 1328 2300 ll,

260 2325 489 2374 aestuantem.
501 2350 532 2360 —
549 2325 602 2383 57²·
612 2323 762 2370 Ablatacum.
772 2323 846 2372 Vatis.
864 2322 917 2370 cod.
935 2332 959 2370 st
973 2323 1028 2371 edd.
1048 2334 1102 2372 ante
1118 2325 1183 2372 Carr.
1198 2327 1243 2372 En.

294 2469 355 2536 ⁵69.
368 2470 472 2531 Eurytus
488 2466 641 2536 Argonauta
659 2469 772 2516 Exoma·
816 2463 967 2538 quisitepro
977 2468 1084 2534 trajecit,
1093 2465 1253 2534 interfecit),
1263 2469 1328 2518 Ιιιιιιι

259 2561 298 2599 tas
307 2545 682 2615 agitaequorscaqrpi.Nestoris
692 2546 771 2593 lastoe
815 2544 912 2610 Zeten,
925 2546 1011 2616 fisgat.
1035 2545 1092 2598 Hoc
1115 2547 1154 2600 ita
1175 2543 1327 2615 intelligen-

257 2627 390 2677 r'mmoritur
398 2624 431 2692 (i.
441 2643 468 2696 q.
480 2641 575 2694 supra,
587 2627 637 2684 ald
646 2661 654 2688 ,
664 2625 770 2672 suediam
814 2623 880 2676 dum
889 2642 895 2676 :
904 2625 1046 2690 Zates,non
1057 2637 1208 2696 exspectato
1216 2624 1329 2694 Darapis

258 2707 363 2756 monens
377 2705 504 2756 descendit
518 2703 543 2752 in
561 2705 676 2768 hastam)
695 2702 770 2752 Helix
812 2705 927 2778 impetu,
938 2705 1020 2778 sugit,
1033 2723 1117 2775 quum
1131 2703 1222 2775 Latagi
1237 2704 1264 2754 in
1281 2722 1327 2774 pe.

252 2786 399 2852 primaevus,
412 2781 440 2832 in
449 2779 769 2850 florejuvenlutlsconsti·
791 2796 885 2839 *olore
908 2784 1008 2837 videret
1029 2784 1130 2838 hastam
1158 2783 1327 2855 prominere,

257 2873 349 2924 iuml,
368 2879 414 2912 nec
430 2861 527 2911 reddita
541 2877 603 2908 cara
622 2859 770 2911 rautnmenta
813 2865 979 2935 multumque
993 2881 1053 2916 eum
1067 2863 1203 2934 sanguinis
1215 2861 1328 2935 prosun-

252 2941 336 3010 patri,
353 2937 399 3010 qni
410 2937 512 2990 fructus
522 2935 684 2989 educationis
697 2939 770 2992 solli·
814 2942 894 3004 dere,
906 2945 1037 3009 sanguinis
1047 2947 1150 2994 undam.

260 3015 399 3074 citatridet
410 3017 506 3088 perire.
850 3017 911 3089 575.
923 3021 1073 3090 Antequam
1095 3021 1220 3072 Jasonem
1241 3021 1328 3091 ipsum

294 3097 356 3169 ⁵7²·
368 3102 418 3155 At,
438 3114 473 3148 ne
492 3107 581 3148 tamen
604 3096 660 3149 sine
681 3095 767 3168 aliqua
813 3097 840 3149 in
854 3115 972 3168 pugnam
991 3096 1140 3168 producat,
1155 3097 1220 3166 quid
1234 3099 1328 3152 Medea

257 3175 333 3230 clade
345 3171 509 3228 discederent
523 3173 632 3237 Colchi,
647 3181 768 3242 Latagum
811 3175 913 3226 interea
927 3191 1018 3226 secum
1029 3175 1126 3244 egerit,
1143 3186 1246 3226 enarrat
1263 3195 1327 3246 poe-

258 3263 390 3322 latenqus
405 3259 504 3322 Daraps
526 3252 685 3325 aggreditur.
709 3253 767 3307 Hoc
812 3265 847 3305 ta.
861 3253 969 3323 Singula
988 3251 1054 3304 dum
1074 3253 1282 3324 prelialustrat‚
1303 3268 1329 3308 et

257 3353 356 3388 nomen
369 3333 410 3385 vix
427 3351 519 3385 sanum
536 3351 591 3387 esse
610 3331 770 3385 crediderim
813 3331 911 3404 partim
922 3331 977 3402 ipsa
991 3335 1071 3383 densa
1080 3337 1105 3382 s'n
1117 3336 1239 3401 caligine,
1253 3335 1329 3388 nubi·

259 3432 319 3467 eam
336 3414 372 3466 ob
386 3431 493 3466 causam
504 3450 512 3477 ,
525 3411 599 3483 quod
612 3429 688 3481 supra
700 3450 707 3475 ,
718 3413 767 3470 66,
814 3411 864 3462 hus
884 3409 966 3462 denso
986 3410 1093 3480 pulvere
1112 3413 1229 3475 coactis,
1247 3413 1327 3468 duces

259 3494 374 3565 Daraps,
385 3493 420 3545 ob
428 3493 525 3546 vulnus
538 3493 567 3544 in
581 3491 670 3562 prelio
680 3487 771 3540 adver·
815 3488 946 3559 agnoscit,
956 3489 1052 3560 partim
1071 3511 1087 3542 a
1101 3497 1199 3542 lunone
1208 3497 1328 3561 magistra

258 3590 303 3625 sus
310 3573 399 3625 Persas
408 3583 557 3643 acceptum,
565 3568 629 3620 lruic
637 3565 707 3619 bello
716 3585 770 3618 non
815 3567 922 3621 nomina
933 3568 1041 3620 illorum
1050 3569 1123 3641 cupit
1137 3567 1258 3637 edoceri,
1271 3591 1329 3623 con·

258 3651 407 3705 interfuisse
415 3688 422 3712 ,
430 3648 581 3704 sedDathin
589 3645 684 3698 ducem
693 3662 771 3698 suum
815 3649 886 3714 spicis
898 3652 1026 3700 AEsonlum
1039 3663 1131 3718 caput,
1141 3650 1265 3702 Jasonem
1275 3669 1328 3722 pras

257 3731 358 3784 misisse
371 3729 476 3782 dicitur.
489 3725 562 3793 Quid
573 3725 595 3778 si
607 3725 685 3795 igitur
698 3723 771 3776 hunc
815 3725 870 3778 aliis
880 3727 1053 3792 eminentem,
1064 3740 1091 3780 et
1101 3729 1227 3802 conspicit
1240 3734 1325 3798 longe,

257 3810 358 3865 Dathin
373 3820 399 3862 et
412 3808 457 3862 hic
472 3802 601 3877 reponas?
612 3805 711 3875 Daraps
724 3803 772 3856 ita·
814 3807 926 3869 eminus;
935 3809 1086 3860 amorenim
1096 3807 1279 3871 renunculos,
1289 3819 1327 3861 to·

258 3907 311 3961 que
331 3887 373 3941 vel
396 3887 490 3939 Dathis
514 3887 595 3946 allum,
619 3885 769 3954 Latagum,
815 3897 895 3956 taque
906 3887 934 3937 in
948 3904 979 3938 eo
991 3899 1116 3958 occupata
1127 3899 1182 3953 est,
1196 3892 1243 3939 luc
1256 3890 1330 3940 simul

258 3969 339 4037 satagit
348 3962 597 4034 lssw(supra,IV,
609 3963 670 4030 390,
679 3961 771 4016 similis
815 3984 885 4018 acres
907 3969 990 4016 oculos
1013 3987 1146 4035 sensusque
1170 3971 1349 4034 animumque,

190 4089 193 4098 ,
258 4058 299 4099 est
319 4045 410 4108 locus,
432 4041 478 4094 ubi
492 4053 580 4095 tannen
595 4060 671 4096 casus
690 4060 771 4114 quar·
808 4045 934 4114 fauentem
946 4047 1026 4115 resera.

259 4136 318 4176 tus:
337 4123 419 4189 exigit
435 4122 537 4190 turpem
558 4119 707 4196 Utrumque
725 4141 769 4175 ex·
853 4123 912 4178 581.
922 4129 994 4176 Nunc
1005 4145 1053 4193 quo
1063 4145 1090 4178 se
1100 4140 1211 4193 raperet,
1222 4125 1326 4196 inquot
