3002 4680
252 364 293 426 7⁰
382 339 432 404 ΙΝ
462 339 548 404 LlB.
573 339 753 404 SEXTUM
782 343 1175 410 ARGONAUTICON

285 469 320 521 V.
332 469 376 530 84.
390 468 517 534 linquitur
536 481 559 517 et
574 486 643 518 mons
655 471 785 520 Ambenus.
796 500 831 508 -
840 473 945 521 Ambeni
961 470 1032 523 solus
1050 470 1169 523 meminit
1178 469 1310 524 Valeriae.

251 549 367 616 Quidam
378 549 469 620 legunt
477 567 538 603 enm
548 549 690 602 Hermolao
699 555 826 612 Erulolus,
838 551 871 606 de
882 571 936 624 quo
946 553 1064 607 meminit
1080 552 1245 618 Herodotus,
1258 555 1309 617 tv,

253 633 301 699 53,
315 633 351 687 ad
363 632 532 705 Borysthenis
542 644 567 686 et
578 633 695 706 Hypanis
706 645 827 688 tractum.

288 789 322 838 V.
333 787 375 840 88.
386 793 436 840 llos
448 804 629 856 superroratam
639 792 740 841 Plrolnes
750 793 803 858 ugit
811 809 909 858 aequore
919 795 1003 843 nubem
1078 858 1080 871 .

388 875 446 922 cnm
451 872 564 938 fremitu,
577 876 694 940 durarique
703 876 785 924 leuant
792 877 889 925 venilia
900 878 997 928 Coralli.

254 991 335 1044 Tollit
354 991 495 1063 imaginem
516 995 644 1065 poeticam
664 993 849 1062 Burmannus,
867 1015 949 1067 quum
967 999 1054 1066 pubem
1074 1015 1123 1068 pro
1140 999 1202 1048 nube
1221 996 1314 1050 suadet

253 1075 356 1145 reponi.
376 1075 512 1128 Valerium
533 1088 622 1128 tuetur
631 1075 772 1148 Virgilius,
795 1079 946 1146 AEn.V11,
967 1082 1033 1151 703:
1053 1085 1194 1150 Insequitur
1207 1086 1313 1150 peditum

254 1159 371 1211 nimbus.
382 1189 416 1220 ,-
429 1161 485 1209 Cum
487 1159 599 1228 fremitu.
614 1158 670 1212 Hoc
682 1172 780 1231 spectat
790 1161 910 1232 profecto
920 1162 955 1215 ad
966 1162 1041 1216 iilum
1055 1175 1162 1217 cantum
1174 1165 1215 1217 rel
1226 1163 1314 1237 potina

257 1241 400 1296 clamorem
411 1260 489 1313 quem
507 1247 630 1294 Burdimm
642 1255 737 1297 vocant
752 1243 877 1298 Germani
887 1263 895 1309 ;
905 1244 966 1300 uide
976 1246 1061 1298 Tacit.
1073 1245 1107 1300 de
1123 1247 1240 1300 Moribus
1250 1246 1316 1300 Ger·

257 1345 329 1380 man.
336 1343 393 1398 cap.
400 1325 442 1377 III
451 1343 458 1378 :
466 1332 527 1378 Sunt
533 1329 580 1378 illis
589 1331 642 1380 luen
652 1347 748 1396 quoque
756 1331 878 1388 connino,
893 1347 993 1396 quonum
1003 1333 1091 1392 relatu,
1100 1349 1171 1398 quem
1181 1327 1316 1382 Barditum

258 1424 362 1471 uocant,
370 1413 611 1464 ascenduntnnimos
617 1447 694 1464 .....
708 1411 841 1482 affectatur
844 1415 966 1482 praecipue
973 1417 1092 1482 asperitas
1101 1417 1158 1466 soni
1161 1453 1168 1473 ,
1180 1429 1205 1465 et
1204 1414 1316 1481 fraenum

257 1513 371 1556 munnur,
386 1497 484 1564 objectis
497 1499 534 1546 ud
548 1515 575 1547 os
588 1498 674 1558 scutis,
692 1515 740 1562 quo
751 1497 851 1564 plenior
867 1509 891 1547 et
904 1498 1006 1564 grauior
1021 1517 1076 1549 von
1093 1516 1233 1566 repercussa
1249 1499 1316 1547 intu-

258 1593 357 1631 mescat.
369 1609 403 1619 —
414 1582 521 1632 Coralius
533 1581 611 1630 Tomis
621 1578 724 1632 vicinos
738 1577 817 1632 fuisse
826 1578 921 1631 docent
930 1577 968 1631 illi
978 1579 1068 1632 Ovidii
1078 1597 1181 1648 versus,
1193 1579 1274 1652 Epist.
1284 1595 1319 1631 ex

260 1661 526 1732 Ponto,1V,a‚37:

393 1787 437 1832 ilie
448 1801 498 1832 mea
510 1785 548 1832 eni
559 1785 655 1832 recitem
666 1783 711 1830 nisi
723 1784 787 1830 laris
799 1785 885 1847 scripta
897 1785 992 1832 Corallis
1068 1849 1071 1854 Ι

429 1863 539 1922 Quasque
550 1860 605 1906 alles
615 1867 696 1920 gentes
707 1859 821 1906 burburus
832 1861 891 1907 Ister
902 1861 980 1908 habet.

261 1985 328 2036 rm.
340 1983 390 2046 1v‚
403 1986 436 2048 a,
451 1985 500 2036 aa:

395 2107 474 2152 Litora
488 2107 574 2167 pellitis
588 2107 686 2152 nimium
701 2107 805 2167 subjecta
818 2108 915 2153 Corallis

431 2184 463 2227 Ut
474 2181 567 2228 tandem
578 2197 649 2228 aaron
659 2180 819 2243 effugiamque
830 2183 910 2228 Getes.

265 2306 343 2354 Tomis
353 2314 440 2355 autem
450 2302 583 2356 exsulabat
593 2301 711 2356 Ovidius.

283 2449 289 2462 ⁸
299 2468 333 2518 V.
345 2485 389 2536 9⁰·
400 2471 542 2518 Barbariana
554 2469 608 2534 quis
618 2471 692 2536 sigua
703 2481 772 2519 rotoe.
787 2496 823 2508 -·
832 2471 865 2521 Τὸ
876 2469 1012 2518 hemanea
1025 2464 1076 2518 hoc
1092 2464 1150 2517 loco
1163 2483 1217 2517 non
1231 2461 1324 2516 eodem

264 2569 343 2604 sensu
354 2549 430 2603 nobis
441 2547 544 2603 videtur
553 2569 607 2622 qno
616 2554 743 2602 barbarico
754 2554 763 2619 (
773 2569 833 2600 auro
844 2553 854 2618 )
864 2548 934 2621 apud
943 2549 1041 2620 Virgil.
1053 2551 1110 2600 AEn.
1122 2547 1166 2615 11,
1177 2548 1244 2612 504,
1254 2545 1326 2600 adhi-

262 2633 356 2686 bitum.
368 2636 527 2684 namuurum
537 2649 613 2684 rotam
622 2633 660 2686 nil
672 2632 744 2686 aliud
754 2633 903 2704 significare
912 2643 994 2704 puto,
1004 2650 1084 2702 qaam
1095 2651 1177 2703 genus
1190 2629 1324 2702 quoddam

266 2732 326 2768 rotoe
335 2715 407 2788 apud
417 2720 540 2768 Barbaros
550 2719 688 2784 usitatum,
701 2717 822 2770 Romanis
835 2735 897 2769 vero
906 2714 1048 2769 insolitum.

300 2807 449 2868 Ferratoque
463 2805 536 2852 dorso
548 2807 634 2853 Forma
649 2821 726 2854 suum.
737 2803 776 2854 De
787 2803 929 2867 lystrieibus
942 2797 1057 2852 Maserio
1070 2799 1259 2868 Wagneroque
1273 2813 1327 2846 non

264 2884 392 2939 concedo.
404 2890 473 2937 Suem
486 2885 556 2938 enim
567 2904 620 2938 non
627 2905 728 2954 porcum
739 2896 857 2947 tantum,
870 2883 917 2937 sed
928 2882 1006 2936 etiam
1016 2903 1101 2952 upmm
1111 2879 1258 2954 significare
1267 2877 1326 2950 quia

265 2970 347 3023 nescit
356 2968 367 3020 l
376 2967 518 3042 Calydonia
527 2987 590 3042 uper
599 2967 695 3022 Ovidio
706 2980 830 3033 vocatur,
841 2966 952 3018 Metam.
961 2967 1044 3029 Vlll,
1057 2965 1124 3032 359,
1135 2965 1266 3034 oulnffieus
1276 2979 1327 3012 sus.

267 3053 344 3128 Apud
355 3053 477 3107 eumdem
490 3067 632 3107 ooourrunt
645 3056 743 3122 setigeri
754 3070 808 3103 sues
818 3066 867 3120 pro
876 3051 957 3116 apris,
973 3049 1081 3100 Metam.
1095 3047 1136 3112 X,
1153 3045 1221 3114 547:

759 3187 806 3216 non
822 3177 900 3214 movet
913 3175 981 3218 ntus,

404 3251 452 3295 Nee
462 3247 544 3302 iacies,
557 3264 661 3310 necque
670 3237 785 3294 Verierem
797 3258 901 3294 movere,
913 3241 992 3286 leones

404 3324 560 3385 Setr'gerosque
570 3339 628 3369 rues.

269 3451 340 3496 Suurn
350 3445 444 3515 igitur,
454 3446 483 3500 h.
495 3465 520 3499 e.
534 3463 658 3518 aprorum
669 3444 766 3511 ,forata
777 3457 823 3511 per
837 3436 1017 3509 metaphoram
1029 3434 1245 3502 diciturferrata‚
1257 3431 1330 3504 quod

192 3575 194 3581 .
268 3528 377 3601 hispide
391 3548 517 3600 aprorum
531 3543 592 3582 sete
602 3569 610 3592 ,
620 3528 732 3579 telorum
746 3521 860 3594 speciem
870 3521 993 3594 prebent.
1009 3521 1052 3573 Sio
1063 3516 1175 3572 Ovidius
1190 3516 1218 3570 in
1231 3516 1330 3570 deacri-

269 3613 360 3684 ptione
371 3613 514 3686 Calydonia
522 3613 593 3683 apri,
602 3610 707 3662 Metam.
718 3607 801 3669 VIII,
814 3603 862 3657 285
874 3621 881 3655 :

404 3743 432 3786 llt
443 3751 496 3787 setae
507 3738 584 3784 densis
596 3734 681 3782 similes
693 3733 813 3780 hasulibus
825 3733 935 3786 horrent;

407 3816 520 3873 stantque
530 3811 594 3856 velut
607 3807 708 3861 vellum,
727 3808 790 3853 velut
800 3807 846 3854 alta
857 3805 947 3854 haulis
959 3817 1018 3852 setae.

272 3939 409 4009 Luporum
427 3948 453 3987 et
472 3951 596 4003 aprorum
615 3930 741 4000 imagines
758 3949 807 4001 pro
826 3929 905 4001 signis
922 3925 1079 3979 militaribus
1099 3923 1246 3976 habuerant
1268 3919 1332 4012 olim

272 4020 398 4080 Romani3
420 4016 474 4068 vid.
493 4013 559 4066 Plin.
575 4015 616 4077 X,
635 4021 658 4078 l.
681 4015 735 4067 Nec
756 4013 869 4066 alienum
888 4011 937 4064 erit
959 4009 1057 4064 referre
1079 4017 1230 4080 sequentem
1249 4002 1333 4055 Taciti

272 4103 358 4154 locum
371 4137 378 4157 .
393 4099 426 4151 tle
442 4097 510 4150 Mor.
524 4095 648 4151 German.
663 4098 750 4151 XLV:
772 4102 875 4148 lintrem
894 4099 964 4146 deum
985 4107 1139 4146 venerantur
1152 4087 1297 4158 (Germani
1309 4089 1333 4150 ):
