3002 4680
441 363 831 429 ARGONAUTICON
860 363 948 430 LIB.
972 361 1034 427 VI.
1235 383 1270 424 11

252 491 342 557 Misit
357 493 391 556 in
406 513 494 558 aratia
509 495 648 584 Daraps,
665 496 748 561 acies
764 517 862 584 wem
877 494 990 558 martia
1008 493 1129 558 circum

254 605 494 696 Gangaridum,
510 623 651 696 potaque
665 611 768 699 Gorya
785 631 868 698 quoa
885 609 999 674 efferat
1014 607 1121 688 unda,

254 720 386 808 Quique
402 720 508 786 lacum
524 722 651 786 cinxere
668 723 776 788 Bieen.
789 725 866 788 Nou
885 721 990 788 defuit
1003 726 1133 802 Anxur,

252 833 329 897 Non
348 833 497 898 Rhadalo
515 855 590 900 cum
605 835 703 902 fratre
719 836 848 925 Sydon,
864 837 1064 926 Acesinaque
1078 835 1159 901 laevo

253 948 371 1036 Omine
387 947 525 1014 fatidicae
539 948 687 1040 Phryxua
702 967 811 1016 movet
823 951 950 1041 agmina
965 969 1086 1029 cervae3

251 1064 326 1152 Ipsa
344 1087 470 1148 comes,
485 1066 561 1133 aetia
577 1067 704 1158 fulgens
717 1083 752 1132 et
767 1067 923 1131 cornibus
939 1065 1062 1146 aureis,

251 1179 336 1245 Ante
351 1183 453 1248 aciem
469 1183 544 1250 celai
560 1183 691 1250 vehitur
704 1181 881 1272 gestamine
898 1179 1004 1260 couti,

251 1290 380 1374 Moesta,
397 1299 505 1362 necin
524 1319 613 1364 atate
627 1297 719 1362 lucca
734 1295 877 1360 reditura
890 1295 1010 1360 Diana.

294 1406 399 1472 Movit
415 1427 447 1474 et
462 1412 571 1500 Hylaea
586 1411 721 1501 supplex
736 1431 811 1474 cum
829 1424 925 1498 gente
940 1409 1064 1498 Syenen

251 1519 354 1608 lmpia
370 1525 514 1611 germani
530 1539 723 1614 praetentans
736 1523 869 1588 vulnera
884 1521 1006 1586 Perses.

251 1631 391 1700 Denaior
408 1637 496 1704 haud
512 1660 670 1726 usquam,
687 1659 747 1701 uec
765 1635 880 1702 celsior
896 1633 1010 1700 extulit
1025 1633 1104 1698 ullas

250 1746 331 1812 Silva
350 1751 476 1835 trabes3
492 1753 647 1840 fessaeque
663 1752 751 1840 prius
768 1749 892 1816 rediere
907 1749 1045 1840 sagittae,

250 1861 383 1929 Arboris
396 1866 437 1932 ad
451 1890 617 1932 nummum
632 1891 729 1956 quam
745 1887 919 1956 pervenere
935 1885 1101 1930 cacumen.

298 1980 386 2063 Quin
403 1997 435 2046 et
447 1983 488 2048 ab
504 1985 660 2074 Hyrcanis
676 1983 823 2048 Titanius
840 1980 964 2070 expulit
975 1979 1074 2044 anuis

236 2185 274 2234 66.
289 2187 384 2234 Daraba.
401 2187 461 2236 lidd.
477 2200 531 2236 ante
545 2190 625 2238 lleim.
642 2217 672 2227 -
687 2191 727 2254 67.
741 2193 819 2238 Genu.
828 2189 904 2238 vitta.
919 2191 1010 2236 Boncn.
1024 2187 1095 2235 codd.
1112 2195 1135 2234 et
1148 2185 1202 2233 add.
1216 2193 1270 2232 ante

206 2263 271 2312 Cart.
291 2291 321 2303 ·-
338 2266 377 2314 68.
389 2269 475 2330 Bycen.
487 2269 561 2316 Vatic.
574 2269 627 2318 ood.
640 2281 664 2316 et
675 2273 761 2318 Mater.
770 2269 832 2316 Vide
841 2273 907 2316 Vota.
919 2279 969 2315 not.
985 2293 1016 2304 -
1033 2270 1072 2330 69.
1085 2265 1181 2314 Radalo.
1193 2264 1269 2312 Vatie.

205 2345 295 2390 Bonan.
306 2344 377 2392 codd.
386 2355 410 2393 et
419 2347 474 2394 edd.
484 2358 568 2410 praeter
577 2351 677 2412 lingent.
696 2346 944 2416 Sidonya'caesinaque.
953 2347 1029 2396 Vatic.
1041 2346 1093 2394 cod.
1107 2346 1176 2396 ttdon
1187 2363 1195 2389 .·
1210 2348 1272 2392 Iace-

204 2425 309 2487 einaque.
321 2425 386 2472 Carr.
395 2427 486 2488 Sydon:
500 2429 633 2492 Ceainaque.
650 2431 741 2476 Bonon.
756 2428 810 2476 cod.
828 2429 917 2475 Bonon.
933 2429 951 2474 l.
966 2430 1030 2474 lunt.
1043 2426 1096 2473 atel.
1112 2451 1142 2461 -
1156 2425 1192 2485 73.
1205 2425 1272 2473 necis

204 2519 269 2549 aoevoe
279 2504 336 2550 luco.
348 2505 422 2552 Vitio.
435 2509 525 2558 Bouon.
536 2508 609 2555 codd.
620 2519 644 2555 et
657 2507 711 2556 edd.
723 2519 809 2571 peoeter
820 2509 873 2556 ntd.
885 2507 927 2570 qui
937 2523 980 2554 nea
993 2511 1017 2554 in
1029 2523 1095 2553 τινα
1108 2505 1166 2552 luco.
1185 2529 1216 2539 —
1232 2505 1269 2564 78.

205 2583 313 2638 Ᾱΐῦῠΐὺ,
324 2593 368 2631 tlt·-
382 2585 453 2634 Abest
461 2587 499 2634 ltic
507 2604 586 2635 verena
596 2605 609 2635 ι
620 2588 695 2636 vitio.
706 2599 729 2636 et
738 2589 805 2636 Gerr.
818 2587 887 2634 codd.
904 2589 947 2634 tte.

203 2780 230 2834 Ρ·
242 2760 311 2825 356,
323 2773 349 2816 et
363 2763 457 2816 urbem
471 2769 627 2833 Darapsum,
643 2763 714 2818 unde
757 2765 865 2818 nomine
881 2766 936 2834 jam
949 2764 1012 2818 olim
1025 2763 1178 2819 laudaverat
1188 2760 1271 2812 llero·

204 2846 303 2908 Daraps
312 2839 408 2894 Noster
420 2861 518 2896 nomen
532 2841 628 2905 habet,
640 2861 714 2896 com·
758 2842 853 2909 dotat,
863 2843 909 2896 lib.
919 2843 970 2910 lV,
983 2859 1014 2912 19
1024 2883 1033 2910 ,
1043 2847 1084 2913 76.
1095 2844 1173 2896 Poeta
1183 2853 1271 2894 noster

204 2931 343 2974 memorat.
758 2941 813 2976 non
830 2933 970 2978 contentae
983 2920 1181 2974 multitudinem
1193 2920 1269 2972 arbo·

234 2999 517 3067 69.Pluynus,fortaaee
525 3000 716 3074 Clinicus,quod
758 3021 818 3054 runt
831 3002 982 3065 celebrare,
999 2999 1075 3054 addit
1086 3000 1162 3052 etiam
1176 3017 1270 3070 proce·

203 3077 305 3132 marah
317 3077 454 3150 lleinaiua,
464 3081 585 3141 Acciana,
605 3081 640 3132 ab
651 3083 716 3134 Ace·
757 3080 860 3136 ritatem
869 3081 1089 3150 altitudinemque
1098 3095 1223 3150 ,eamque
1234 3077 1270 3131 ita

204 3156 261 3210 aino
271 3157 353 3213 fluvio
361 3161 396 3214 nd
405 3163 600 3233 Panticapeum
608 3159 635 3212 in
644 3159 714 3212 Tau·
758 3171 853 3231 auget,
864 3173 893 3214 ut
905 3161 1011 3232 sagittae
1019 3158 1158 3215 eacumina
1168 3175 1222 3210 non
1233 3167 1270 3210 at·

201 3237 257 3291 rica
267 3237 349 3308 (Pliu.
361 3239 430 3295 ltin.
439 3243 501 3298 Nat.
514 3241 565 3303 lV,
580 3243 612 3292 26
623 3241 633 3309 )
644 3277 652 3302 ‚
662 3259 714 3290 mo-
757 3238 859 3310 tigiace,
871 3237 917 3294 ned
927 3240 1047 3312 fatigatae
1056 3237 1131 3311 quani
1143 3237 1170 3289 in
1181 3235 1269 3288 medio

202 3332 251 3380 aet,
271 3317 360 3382 ducit,
376 3325 453 3384 laevo,
478 3322 610 3384 infausto,
633 3321 713 3372 ontine
756 3319 846 3374 volatu
857 3319 985 3374 decidisse
994 3315 1271 3386 dicat;conl.Virgil.

201 3401 305 3466 agmina
313 3402 431 3470 fatidicae
446 3420 538 3462 ceram
558 3417 616 3472 quoe
629 3399 714 3472 qualia
756 3399 853 3470 Georg.
867 3401 913 3464 Il,
928 3401 995 3463 tad,
1008 3407 1075 3464 tad,
1087 3409 1112 3452 et
1121 3397 1188 3450 Plin.
1198 3395 1267 3448 Hiar.

200 3477 249 3539 eit,
264 3490 290 3530 et
302 3481 469 3548 cursandicoe
482 3479 591 3534 nomine
605 3479 711 3541 veniat,
755 3489 812 3531 nat.
823 3479 892 3544 Vll,
903 3499 928 3532 a.

201 3557 286 3610 fateor
296 3575 340 3610 me
353 3558 484 3630 ignorare.
492 3557 598 3611 -Vide
610 3555 645 3610 ad
657 3557 712 3611 eal·
793 3577 836 3628 79.
847 3562 923 3626 Cyris.
935 3559 1094 3629 Interpretee
1103 3555 1146 3608 rel
1157 3554 1266 3616 urbem,

200 3653 259 3689 cem
272 3637 606 3709 hajnalihrinot.69.Et›.
755 3637 799 3690 rel
823 3636 952 3698 fluvium,
978 3635 1019 3688 rel
1044 3633 1140 3688 ducem
1162 3633 1266 3686 volunt.

232 3723 463 3788 74-t'ffenonquem
471 3717 571 3780 Peraea,
578 3717 651 3784 t'mpt'a
660 3715 712 3770 lra-
754 3715 885 3790 Equidem
895 3715 994 3770 ducem
1003 3715 1092 3768 malim
1103 3715 1138 3768 ob
1147 3711 1267 3765 additum

201 3795 249 3847 tria
260 3797 340 3848 AEette
352 3801 458 3852 vulnera
469 3795 574 3865 (iidv,
583 3797 712 3865 ²72)proe·
757 3799 891 3856 Titanirun,
901 3793 938 3848 de
950 3813 1004 3867 quo
1017 3807 1104 3847 temen
1114 3805 1138 3848 et
1150 3793 1207 3865 ipso
1220 3811 1265 3844 co·

201 3887 298 3925 untcns
311 3874 462 3942 (insolitum
474 3893 523 3946 pro
535 3875 711 3942 monstrans),
755 3875 882 3946 gnomine
898 3873 965 3928 nihil
981 3873 1067 3928 habeo
1082 3871 1155 3945 quod
1168 3871 1265 3924 dicam.

200 3953 358 4007 excitaverat
366 3959 477 4023 supplex,
486 3953 712 4020 adduxitflyloeam
756 3959 867 4022 Hyrcani
883 3956 926 4010 rix
942 3955 1030 4008 locum
1051 3952 1118 4006 tueri
1136 3969 1211 4024 posse
1229 3949 1268 4002 vi·

199 4045 308 4100 gentem.
321 4037 408 4098 Hyloea
427 4051 482 4088 uon
501 4044 554 4086 tam
568 4051 632 4104 genn
644 4032 694 4084 luit
702 4070 711 4098 ,
756 4031 870 4100 dentur,
887 4034 1031 4107 presertim
1045 4050 1145 4105 quum,
1158 4049 1184 4084 v.
1198 4036 1265 4094 μή,
1287 4053 1291 4060 ·

201 4127 281 4182 quam
294 4113 385 4184 regio,
398 4113 537 4170 arboribus
549 4112 639 4180 dives,
657 4131 712 4186 quo
756 4114 850 4170 iterum
860 4125 1008 4168 occurrent.
1020 4114 1094 4166 Latet
1103 4111 1212 4164 sonasse
1221 4107 1268 4162 flu·
