<?xml version="1.0" encoding="UTF-8"?>
<!DOCTYPE html PUBLIC "-//W3C//DTD XHTML 1.0 Transitional//EN"
    "http://www.w3.org/TR/xhtml1/DTD/xhtml1-transitional.dtd">
<html xmlns="http://www.w3.org/1999/xhtml" xml:lang="en" lang="en">
 <head>
  <title>
</title>
<meta http-equiv="Content-Type" content="text/html;charset=utf-8" />
  <meta name='ocr-system' content='tesseract 3.04.00' />
  <meta name='ocr-capabilities' content='ocr_page ocr_carea ocr_par ocr_line ocrx_word'/>
</head>
<body>
  <div class='ocr_page' id='page_1' title='image "./cvaleriiflaccis02apolgoog_0125.png"; bbox 0 0 3022 4678; ppageno 0'>
   <div class='ocr_carea' id='block_1_1' title="bbox 444 340 1280 416">
    <p class='ocr_par' dir='ltr' id='par_1_1' title="bbox 444 340 1280 416">
     <span class='ocr_line' id='line_1_1' title="bbox 444 340 1280 416; baseline -0.025 -3"><span class='ocrx_word' id='word_1_1' title='bbox 444 345 833 412; x_wconf 80' lang='lat' dir='ltr'><strong>ARGONAUTICON</strong></span> <span class='ocrx_word' id='word_1_2' title='bbox 864 345 949 406; x_wconf 76' lang='grc' dir='ltr'>ΜΒ.</span> <span class='ocrx_word' id='word_1_3' title='bbox 973 340 1054 402; x_wconf 83' lang='lat' dir='ltr'><strong>vll.</strong></span> <span class='ocrx_word' id='word_1_4' title='bbox 1220 353 1280 416; x_wconf 85' lang='lat'>¹¹9</span> 
     </span>
    </p>
   </div>
   <div class='ocr_carea' id='block_1_2' title="bbox 258 470 1278 1711">
    <p class='ocr_par' dir='ltr' id='par_1_2' title="bbox 263 470 1098 572">
     <span class='ocr_line' id='line_1_2' title="bbox 263 470 1098 572; baseline -0.02 -23"><span class='ocrx_word' id='word_1_5' title='bbox 263 489 370 572; x_wconf 83' lang='lat' dir='ltr'>Atque</span> <span class='ocrx_word' id='word_1_6' title='bbox 386 499 459 547; x_wconf 87' lang='lat' dir='ltr'>toro</span> <span class='ocrx_word' id='word_1_7' title='bbox 482 483 623 570; x_wconf 74' lang='lat' dir='ltr'>projecta</span> <span class='ocrx_word' id='word_1_8' title='bbox 640 497 770 544; x_wconf 85' lang='lat' dir='ltr'>manet:</span> <span class='ocrx_word' id='word_1_9' title='bbox 791 497 893 566; x_wconf 91' lang='lat' dir='ltr'>quum</span> <span class='ocrx_word' id='word_1_10' title='bbox 910 475 976 538; x_wconf 83' lang='lat' dir='ltr'>visa</span> <span class='ocrx_word' id='word_1_11' title='bbox 991 470 1098 536; x_wconf 82' lang='lat' dir='ltr'>vocari</span> 
     </span>
    </p>

    <p class='ocr_par' dir='ltr' id='par_1_3' title="bbox 262 589 1092 684">
     <span class='ocr_line' id='line_1_3' title="bbox 262 589 1092 684; baseline -0.018 -22"><span class='ocrx_word' id='word_1_12' title='bbox 262 599 403 679; x_wconf 82' lang='lat' dir='ltr'>Rursus,</span> <span class='ocrx_word' id='word_1_13' title='bbox 425 612 458 660; x_wconf 87' lang='lat' dir='ltr'>et</span> <span class='ocrx_word' id='word_1_14' title='bbox 475 595 614 684; x_wconf 88' lang='lat' dir='ltr'>impulso</span> <span class='ocrx_word' id='word_1_15' title='bbox 632 609 813 658; x_wconf 87' lang='lat' dir='ltr'>sonuerunt</span> <span class='ocrx_word' id='word_1_16' title='bbox 830 589 959 654; x_wconf 83' lang='lat' dir='ltr'>cardine</span> <span class='ocrx_word' id='word_1_17' title='bbox 975 601 1092 675; x_wconf 84' lang='lat' dir='ltr'>postes.</span> 
     </span>
    </p>

    <p class='ocr_par' dir='ltr' id='par_1_4' title="bbox 261 699 1082 800">
     <span class='ocr_line' id='line_1_4' title="bbox 261 699 1082 800; baseline -0.015 -26"><span class='ocrx_word' id='word_1_18' title='bbox 261 712 347 800; x_wconf 86' lang='lat' dir='ltr'>Ergo</span> <span class='ocrx_word' id='word_1_19' title='bbox 363 712 420 776; x_wconf 91' lang='lat' dir='ltr'>ubi</span> <span class='ocrx_word' id='word_1_20' title='bbox 439 711 547 774; x_wconf 87' lang='lat' dir='ltr'>neseio</span> <span class='ocrx_word' id='word_1_21' title='bbox 565 732 632 798; x_wconf 88' lang='lat' dir='ltr'>quo</span> <span class='ocrx_word' id='word_1_22' title='bbox 649 709 780 796; x_wconf 90' lang='lat' dir='ltr'>penitus</span> <span class='ocrx_word' id='word_1_23' title='bbox 796 731 829 770; x_wconf 89' lang='lat' dir='ltr'>se</span> <span class='ocrx_word' id='word_1_24' title='bbox 846 704 981 769; x_wconf 86' lang='lat' dir='ltr'>numine</span> <span class='ocrx_word' id='word_1_25' title='bbox 997 699 1082 765; x_wconf 87' lang='lat' dir='ltr'>vinci</span> 
     </span>
    </p>

    <p class='ocr_par' dir='ltr' id='par_1_5' title="bbox 262 812 1192 913">
     <span class='ocr_line' id='line_1_5' title="bbox 262 812 1192 913; baseline -0.019 -21"><span class='ocrx_word' id='word_1_26' title='bbox 262 829 384 910; x_wconf 87' lang='lat' dir='ltr'><strong>Sentit,</strong></span> <span class='ocrx_word' id='word_1_27' title='bbox 403 843 437 892; x_wconf 84' lang='lat' dir='ltr'>et</span> <span class='ocrx_word' id='word_1_28' title='bbox 449 827 608 890; x_wconf 84' lang='lat' dir='ltr'>abscisum</span> <span class='ocrx_word' id='word_1_29' title='bbox 625 823 786 913; x_wconf 87' lang='lat' dir='ltr'>quidquid</span> <span class='ocrx_word' id='word_1_30' title='bbox 802 821 909 912; x_wconf 90' lang='lat' dir='ltr'>pudor</span> <span class='ocrx_word' id='word_1_31' title='bbox 924 835 999 883; x_wconf 82' lang='lat' dir='ltr'>ante</span> <span class='ocrx_word' id='word_1_32' title='bbox 1018 812 1192 890; x_wconf 73' lang='lat' dir='ltr'>monebat,</span> 
     </span>
    </p>

    <p class='ocr_par' dir='ltr' id='par_1_6' title="bbox 261 933 1278 1027">
     <span class='ocr_line' id='line_1_6' title="bbox 261 933 1278 1027; baseline -0.016 -23"><span class='ocrx_word' id='word_1_33' title='bbox 261 943 345 1006; x_wconf 83' lang='lat' dir='ltr'>Turn</span> <span class='ocrx_word' id='word_1_34' title='bbox 363 941 493 1005; x_wconf 79' lang='lat' dir='ltr'>thalami</span> <span class='ocrx_word' id='word_1_35' title='bbox 508 939 671 1027; x_wconf 82' lang='lat' dir='ltr'>penetrale</span> <span class='ocrx_word' id='word_1_36' title='bbox 686 938 781 1026; x_wconf 89' lang='lat' dir='ltr'>petit,</span> <span class='ocrx_word' id='word_1_37' title='bbox 797 959 868 1024; x_wconf 85' lang='lat' dir='ltr'>quae</span> <span class='ocrx_word' id='word_1_38' title='bbox 884 933 1022 998; x_wconf 81' lang='lat' dir='ltr'>maxima</span> <span class='ocrx_word' id='word_1_39' title='bbox 1036 943 1129 992; x_wconf 81' lang='lat' dir='ltr'>noret</span> <span class='ocrx_word' id='word_1_40' title='bbox 1241 937 1278 977; x_wconf 82' lang='lat'>³2⁵</span> 
     </span>
    </p>

    <p class='ocr_par' dir='ltr' id='par_1_7' title="bbox 260 1047 1057 1139">
     <span class='ocr_line' id='line_1_7' title="bbox 260 1047 1057 1139; baseline -0.014 -21"><span class='ocrx_word' id='word_1_41' title='bbox 260 1054 385 1118; x_wconf 79' lang='lat' dir='ltr'>Auxilia</span> <span class='ocrx_word' id='word_1_42' title='bbox 404 1053 579 1118; x_wconf 75' lang='lat' dir='ltr'>Haemoniae</span> <span class='ocrx_word' id='word_1_43' title='bbox 598 1073 745 1139; x_wconf 71' lang='lat' dir='ltr'>quaerens</span> <span class='ocrx_word' id='word_1_44' title='bbox 765 1073 826 1139; x_wconf 90' lang='lat' dir='ltr'>pro</span> <span class='ocrx_word' id='word_1_45' title='bbox 840 1071 916 1137; x_wconf 83' lang='lat' dir='ltr'>rege</span> <span class='ocrx_word' id='word_1_46' title='bbox 932 1047 1057 1112; x_wconf 82' lang='lat' dir='ltr'>carinae.</span> 
     </span>
    </p>

    <p class='ocr_par' dir='ltr' id='par_1_8' title="bbox 259 1161 1090 1255">
     <span class='ocr_line' id='line_1_8' title="bbox 259 1161 1090 1255; baseline -0.008 -27"><span class='ocrx_word' id='word_1_47' title='bbox 259 1167 368 1254; x_wconf 88' lang='lat' dir='ltr'>thue</span> <span class='ocrx_word' id='word_1_48' title='bbox 384 1167 499 1255; x_wconf 87' lang='lat' dir='ltr'>procul</span> <span class='ocrx_word' id='word_1_49' title='bbox 520 1166 650 1255; x_wconf 77' lang='lat' dir='ltr'>magieis</span> <span class='ocrx_word' id='word_1_50' title='bbox 668 1165 820 1252; x_wconf 80' lang='lat' dir='ltr'><strong>spirantia</strong></span> <span class='ocrx_word' id='word_1_51' title='bbox 838 1179 920 1228; x_wconf 76' lang='lat' dir='ltr'>tecte</span> <span class='ocrx_word' id='word_1_52' title='bbox 937 1161 1090 1238; x_wconf 81' lang='lat' dir='ltr'>venenis,</span> 
     </span>
    </p>

    <p class='ocr_par' dir='ltr' id='par_1_9' title="bbox 259 1279 1014 1370">
     <span class='ocr_line' id='line_1_9' title="bbox 259 1279 1014 1370; baseline -0.008 -26"><span class='ocrx_word' id='word_1_53' title='bbox 259 1282 300 1344; x_wconf 89' lang='lat' dir='ltr'>Et</span> <span class='ocrx_word' id='word_1_54' title='bbox 322 1303 409 1344; x_wconf 80' lang='lat' dir='ltr'>saevte</span> <span class='ocrx_word' id='word_1_55' title='bbox 430 1297 562 1370; x_wconf 85' lang='lat' dir='ltr'>patuere</span> <span class='ocrx_word' id='word_1_56' title='bbox 587 1280 689 1359; x_wconf 82' lang='lat' dir='ltr'>iores,</span> <span class='ocrx_word' id='word_1_57' title='bbox 714 1279 886 1366; x_wconf 80' lang='lat' dir='ltr'>oblataque</span> <span class='ocrx_word' id='word_1_58' title='bbox 902 1292 1014 1341; x_wconf 86' lang='lat' dir='ltr'>eontra</span> 
     </span>
    </p>

    <p class='ocr_par' dir='ltr' id='par_1_10' title="bbox 260 1390 1080 1482">
     <span class='ocr_line' id='line_1_10' title="bbox 260 1390 1080 1482; baseline -0.006 -25"><span class='ocrx_word' id='word_1_59' title='bbox 260 1395 394 1476; x_wconf 84' lang='lat' dir='ltr'>Omnia,</span> <span class='ocrx_word' id='word_1_60' title='bbox 411 1415 482 1482; x_wconf 82' lang='lat' dir='ltr'>quoe</span> <span class='ocrx_word' id='word_1_61' title='bbox 498 1393 621 1476; x_wconf 88' lang='lat' dir='ltr'>Ponto,</span> <span class='ocrx_word' id='word_1_62' title='bbox 636 1417 707 1482; x_wconf 84' lang='lat' dir='ltr'>quae</span> <span class='ocrx_word' id='word_1_63' title='bbox 725 1393 877 1459; x_wconf 81' lang='lat' dir='ltr'>Manibus</span> <span class='ocrx_word' id='word_1_64' title='bbox 892 1392 977 1456; x_wconf 89' lang='lat' dir='ltr'>eruit</span> <span class='ocrx_word' id='word_1_65' title='bbox 991 1390 1080 1469; x_wconf 87' lang='lat' dir='ltr'>imis,</span> 
     </span>
    </p>

    <p class='ocr_par' dir='ltr' id='par_1_11' title="bbox 258 1507 1277 1711">
     <span class='ocr_line' id='line_1_11' title="bbox 258 1507 1277 1597; baseline -0.008 -25"><span class='ocrx_word' id='word_1_66' title='bbox 258 1509 299 1574; x_wconf 89' lang='lat' dir='ltr'>Et</span> <span class='ocrx_word' id='word_1_67' title='bbox 315 1531 387 1596; x_wconf 81' lang='lat' dir='ltr'>quae</span> <span class='ocrx_word' id='word_1_68' title='bbox 403 1509 578 1597; x_wconf 76' lang='lat' dir='ltr'>sanguinea</span> <span class='ocrx_word' id='word_1_69' title='bbox 594 1509 693 1573; x_wconf 82' lang='lat' dir='ltr'>Lunte</span> <span class='ocrx_word' id='word_1_70' title='bbox 710 1507 872 1572; x_wconf 85' lang='lat' dir='ltr'>distrinxit</span> <span class='ocrx_word' id='word_1_71' title='bbox 889 1507 930 1571; x_wconf 79' lang='lat' dir='ltr'>ab</span> <span class='ocrx_word' id='word_1_72' title='bbox 947 1507 1014 1569; x_wconf 78' lang='lat' dir='ltr'>ira:</span> <span class='ocrx_word' id='word_1_73' title='bbox 1235 1513 1277 1552; x_wconf 75' lang='lat'>³³0</span> 
     </span>
     <span class='ocr_line' id='line_1_12' title="bbox 301 1611 1272 1711; baseline -0.013 -25"><span class='ocrx_word' id='word_1_74' title='bbox 301 1624 416 1687; x_wconf 70' lang='lat' dir='ltr'>u&#39;l&#39;une</span> <span class='ocrx_word' id='word_1_75' title='bbox 425 1624 579 1711; x_wconf 84' lang='lat' dir='ltr'>sequeris,</span> <span class='ocrx_word' id='word_1_76' title='bbox 592 1623 649 1705; x_wconf 81' lang='lat' dir='ltr'>ait,</span> <span class='ocrx_word' id='word_1_77' title='bbox 663 1622 916 1710; x_wconf 79' lang='lat' dir='ltr'>quidquam,nut</span> <span class='ocrx_word' id='word_1_78' title='bbox 932 1619 1053 1706; x_wconf 81' lang='lat' dir='ltr'>patiere</span> <span class='ocrx_word' id='word_1_79' title='bbox 1063 1611 1272 1703; x_wconf 85' lang='lat' dir='ltr'>pudendum,</span> 
     </span>
    </p>
   </div>
   <div class='ocr_carea' id='block_1_3' title="bbox 213 1767 1273 1918">
    <p class='ocr_par' dir='ltr' id='par_1_12' title="bbox 213 1767 1273 1918">
     <span class='ocr_line' id='line_1_13' title="bbox 245 1767 1273 1839; baseline -0.013 -14"><span class='ocrx_word' id='word_1_80' title='bbox 245 1779 297 1825; x_wconf 72' lang='lat'>³21.</span> <span class='ocrx_word' id='word_1_81' title='bbox 315 1782 370 1826; x_wconf 70' lang='lat' dir='ltr'>Post</span> <span class='ocrx_word' id='word_1_82' title='bbox 384 1781 447 1826; x_wconf 82' lang='lat' dir='ltr'>hune</span> <span class='ocrx_word' id='word_1_83' title='bbox 463 1794 524 1826; x_wconf 76' lang='lat' dir='ltr'>rere.</span> <span class='ocrx_word' id='word_1_84' title='bbox 540 1779 687 1826; x_wconf 74' lang='lat' dir='ltr'>desideretur</span> <span class='ocrx_word' id='word_1_85' title='bbox 704 1777 787 1825; x_wconf 77' lang='lat' dir='ltr'>solium</span> <span class='ocrx_word' id='word_1_86' title='bbox 801 1777 920 1839; x_wconf 76' lang='lat' dir='ltr'>integrunt</span> <span class='ocrx_word' id='word_1_87' title='bbox 937 1791 952 1822; x_wconf 79' lang='grc' dir='ltr'>ι</span> <span class='ocrx_word' id='word_1_88' title='bbox 968 1789 1002 1820; x_wconf 79' lang='lat' dir='ltr'>tt.</span> <span class='ocrx_word' id='word_1_89' title='bbox 1021 1773 1066 1820; x_wconf 72' lang='lat'>322</span> <span class='ocrx_word' id='word_1_90' title='bbox 1083 1771 1123 1818; x_wconf 76' lang='lat' dir='ltr'>ed·</span> <span class='ocrx_word' id='word_1_91' title='bbox 1136 1785 1168 1816; x_wconf 82' lang='lat' dir='ltr'>vt.</span> <span class='ocrx_word' id='word_1_92' title='bbox 1188 1769 1234 1830; x_wconf 80' lang='lat'>359</span> <span class='ocrx_word' id='word_1_93' title='bbox 1249 1767 1273 1812; x_wconf 91' lang='lat' dir='ltr'>in</span> 
     </span>
     <span class='ocr_line' id='line_1_14' title="bbox 213 1850 1271 1918; baseline -0.009 -17"><span class='ocrx_word' id='word_1_94' title='bbox 213 1858 289 1904; x_wconf 78' lang='lat' dir='ltr'>Vrtie.</span> <span class='ocrx_word' id='word_1_95' title='bbox 301 1858 354 1904; x_wconf 85' lang='lat' dir='ltr'>eod.</span> <span class='ocrx_word' id='word_1_96' title='bbox 363 1858 418 1906; x_wconf 81' lang='lat' dir='ltr'>Vid.</span> <span class='ocrx_word' id='word_1_97' title='bbox 427 1857 508 1904; x_wconf 83' lang='lat' dir='ltr'>lieint.</span> <span class='ocrx_word' id='word_1_98' title='bbox 522 1873 543 1918; x_wconf 85' lang='lat'>7,</span> <span class='ocrx_word' id='word_1_99' title='bbox 555 1857 607 1917; x_wconf 65' lang='lat'>352.</span> <span class='ocrx_word' id='word_1_100' title='bbox 626 1861 687 1905; x_wconf 67' lang='lat' dir='ltr'>tiene</span> <span class='ocrx_word' id='word_1_101' title='bbox 703 1861 765 1904; x_wconf 66' lang='lat' dir='ltr'>vitm</span> <span class='ocrx_word' id='word_1_102' title='bbox 780 1858 870 1904; x_wconf 80' lang='lat' dir='ltr'>Boron.</span> <span class='ocrx_word' id='word_1_103' title='bbox 882 1853 936 1902; x_wconf 82' lang='lat' dir='ltr'>eod.</span> <span class='ocrx_word' id='word_1_104' title='bbox 952 1880 983 1890; x_wconf 90' lang='lat'>-</span> <span class='ocrx_word' id='word_1_105' title='bbox 999 1853 1052 1899; x_wconf 75' lang='lat'>3³0.</span> <span class='ocrx_word' id='word_1_106' title='bbox 1071 1853 1169 1896; x_wconf 80' lang='lat' dir='ltr'>Lunam.</span> <span class='ocrx_word' id='word_1_107' title='bbox 1182 1850 1271 1894; x_wconf 81' lang='lat' dir='ltr'>Bonon.</span> 
     </span>
    </p>
   </div>
   <div class='ocr_carea' id='block_1_4' title="bbox 214 1936 598 1984">
    <p class='ocr_par' dir='ltr' id='par_1_13' title="bbox 214 1936 598 1984">
     <span class='ocr_line' id='line_1_15' title="bbox 214 1936 598 1984; baseline 0.005 -2"><span class='ocrx_word' id='word_1_108' title='bbox 214 1936 267 1982; x_wconf 80' lang='lat' dir='ltr'>eod.</span> <span class='ocrx_word' id='word_1_109' title='bbox 281 1939 371 1984; x_wconf 83' lang='lat' dir='ltr'>Bonon.</span> <span class='ocrx_word' id='word_1_110' title='bbox 383 1939 403 1983; x_wconf 87' lang='lat'>1.</span> <span class='ocrx_word' id='word_1_111' title='bbox 415 1941 479 1984; x_wconf 82' lang='lat' dir='ltr'>tunt</span> <span class='ocrx_word' id='word_1_112' title='bbox 490 1937 543 1984; x_wconf 75' lang='lat' dir='ltr'>Ant.</span> <span class='ocrx_word' id='word_1_113' title='bbox 555 1939 598 1984; x_wconf 79' lang='lat' dir='ltr'>En.</span> 
     </span>
    </p>
   </div>
   <div class='ocr_carea' id='block_1_5' title="bbox 207 2056 1272 3087">
    <p class='ocr_par' dir='ltr' id='par_1_14' title="bbox 211 2056 1272 2292">
     <span class='ocr_line' id='line_1_16' title="bbox 212 2056 1271 2135; baseline -0.006 -19"><span class='ocrx_word' id='word_1_114' title='bbox 212 2063 327 2124; x_wconf 87' lang='lat' dir='ltr'>cumbit,</span> <span class='ocrx_word' id='word_1_115' title='bbox 351 2062 436 2118; x_wconf 84' lang='lat' dir='ltr'>donee</span> <span class='ocrx_word' id='word_1_116' title='bbox 456 2063 543 2117; x_wconf 86' lang='lat' dir='ltr'>denuo</span> <span class='ocrx_word' id='word_1_117' title='bbox 562 2065 652 2118; x_wconf 76' lang='lat' dir='ltr'>vocari</span> <span class='ocrx_word' id='word_1_118' title='bbox 671 2064 719 2117; x_wconf 80' lang='lat' dir='ltr'>sibi</span> <span class='ocrx_word' id='word_1_119' title='bbox 763 2065 827 2130; x_wconf 76' lang='lat' dir='ltr'>hue,</span> <span class='ocrx_word' id='word_1_120' title='bbox 839 2063 935 2135; x_wconf 73' lang='lat' dir='ltr'>quihus</span> <span class='ocrx_word' id='word_1_121' title='bbox 946 2063 1009 2115; x_wconf 73' lang='lat' dir='ltr'>celo</span> <span class='ocrx_word' id='word_1_122' title='bbox 1021 2059 1205 2120; x_wconf 79' lang='lat' dir='ltr'>deduceretur,</span> <span class='ocrx_word' id='word_1_123' title='bbox 1219 2056 1271 2107; x_wconf 80' lang='lat' dir='ltr'>ira·</span> 
     </span>
     <span class='ocr_line' id='line_1_17' title="bbox 212 2137 1269 2214; baseline -0.006 -20"><span class='ocrx_word' id='word_1_124' title='bbox 212 2140 326 2206; x_wconf 84' lang='lat' dir='ltr'>viderur,</span> <span class='ocrx_word' id='word_1_125' title='bbox 338 2145 473 2214; x_wconf 81' lang='lat' dir='ltr'>januaeque</span> <span class='ocrx_word' id='word_1_126' title='bbox 484 2147 596 2194; x_wconf 78' lang='lat' dir='ltr'>cardines</span> <span class='ocrx_word' id='word_1_127' title='bbox 607 2147 720 2212; x_wconf 82' lang='lat' dir='ltr'>impulsos</span> <span class='ocrx_word' id='word_1_128' title='bbox 764 2159 789 2196; x_wconf 79' lang='lat' dir='ltr'>te</span> <span class='ocrx_word' id='word_1_129' title='bbox 800 2144 936 2207; x_wconf 76' lang='lat' dir='ltr'>emittere,</span> <span class='ocrx_word' id='word_1_130' title='bbox 950 2155 976 2196; x_wconf 87' lang='lat' dir='ltr'>et</span> <span class='ocrx_word' id='word_1_131' title='bbox 990 2143 1018 2194; x_wconf 91' lang='lat' dir='ltr'>in</span> <span class='ocrx_word' id='word_1_132' title='bbox 1031 2140 1128 2192; x_wconf 77' lang='lat' dir='ltr'>herbas</span> <span class='ocrx_word' id='word_1_133' title='bbox 1137 2150 1162 2190; x_wconf 88' lang='lat' dir='ltr'>et</span> <span class='ocrx_word' id='word_1_134' title='bbox 1175 2137 1269 2208; x_wconf 81' lang='lat' dir='ltr'>grami-</span> 
     </span>
     <span class='ocr_line' id='line_1_18' title="bbox 211 2216 1272 2292; baseline -0.005 -20"><span class='ocrx_word' id='word_1_135' title='bbox 211 2219 302 2274; x_wconf 79' lang='lat' dir='ltr'>iterum</span> <span class='ocrx_word' id='word_1_136' title='bbox 317 2222 441 2292; x_wconf 78' lang='lat' dir='ltr'>opinatur</span> <span class='ocrx_word' id='word_1_137' title='bbox 453 2223 562 2276; x_wconf 75' lang='lat' dir='ltr'>moveri.</span> <span class='ocrx_word' id='word_1_138' title='bbox 763 2242 795 2275; x_wconf 81' lang='lat' dir='ltr'>na</span> <span class='ocrx_word' id='word_1_139' title='bbox 807 2221 945 2276; x_wconf 74' lang='lat' dir='ltr'>effundere</span> <span class='ocrx_word' id='word_1_140' title='bbox 958 2221 1121 2275; x_wconf 72' lang='lat' dir='ltr'>credebatur.</span> <span class='ocrx_word' id='word_1_141' title='bbox 1130 2217 1228 2270; x_wconf 77' lang='lat' dir='ltr'>Similis</span> <span class='ocrx_word' id='word_1_142' title='bbox 1237 2216 1272 2268; x_wconf 85' lang='lat' dir='ltr'>lo-</span> 
     </span>
    </p>

    <p class='ocr_par' dir='ltr' id='par_1_15' title="bbox 207 2296 1271 3087">
     <span class='ocr_line' id='line_1_19' title="bbox 247 2296 1268 2374; baseline 0.001 -22"><span class='ocrx_word' id='word_1_143' title='bbox 247 2300 720 2374; x_wconf 70' lang='lat' dir='ltr'>323·346.Mutatigitursubitomen·</span> <span class='ocrx_word' id='word_1_144' title='bbox 762 2321 809 2356; x_wconf 84' lang='lat' dir='ltr'>enr</span> <span class='ocrx_word' id='word_1_145' title='bbox 828 2315 866 2356; x_wconf 76' lang='lat' dir='ltr'>eet</span> <span class='ocrx_word' id='word_1_146' title='bbox 886 2302 989 2365; x_wconf 85' lang='lat' dir='ltr'>Ovidii,</span> <span class='ocrx_word' id='word_1_147' title='bbox 1002 2305 1091 2353; x_wconf 80' lang='lat' dir='ltr'>Amor.</span> <span class='ocrx_word' id='word_1_148' title='bbox 1109 2299 1153 2364; x_wconf 88' lang='lat'>11,</span> <span class='ocrx_word' id='word_1_149' title='bbox 1172 2315 1200 2360; x_wconf 86' lang='lat'>1,</span> <span class='ocrx_word' id='word_1_150' title='bbox 1218 2296 1268 2348; x_wconf 76' lang='lat'>23:</span> 
     </span>
     <span class='ocr_line' id='line_1_20' title="bbox 210 2379 1271 2452; baseline -0.006 -22"><span class='ocrx_word' id='word_1_151' title='bbox 210 2389 277 2445; x_wconf 87' lang='lat' dir='ltr'>tem,</span> <span class='ocrx_word' id='word_1_152' title='bbox 288 2399 418 2452; x_wconf 81' lang='lat' dir='ltr'>opemque</span> <span class='ocrx_word' id='word_1_153' title='bbox 436 2381 525 2433; x_wconf 75' lang='lat' dir='ltr'>tasoni</span> <span class='ocrx_word' id='word_1_154' title='bbox 541 2382 610 2435; x_wconf 80' lang='lat' dir='ltr'>ferre</span> <span class='ocrx_word' id='word_1_155' title='bbox 630 2379 718 2434; x_wconf 84' lang='lat' dir='ltr'>denuo</span> <span class='ocrx_word' id='word_1_156' title='bbox 765 2385 877 2434; x_wconf 82' lang='lat' dir='ltr'>Carmine</span> <span class='ocrx_word' id='word_1_157' title='bbox 890 2386 1031 2450; x_wconf 72' lang='lat' dir='ltr'>sanguinea·</span> <span class='ocrx_word' id='word_1_158' title='bbox 1044 2383 1166 2431; x_wconf 80' lang='lat' dir='ltr'>deducunt</span> <span class='ocrx_word' id='word_1_159' title='bbox 1178 2395 1271 2427; x_wconf 84' lang='lat' dir='ltr'>cornua</span> 
     </span>
     <span class='ocr_line' id='line_1_21' title="bbox 210 2454 1269 2536; baseline -0.004 -28"><span class='ocrx_word' id='word_1_160' title='bbox 210 2459 352 2511; x_wconf 82' lang='lat' dir='ltr'>constituit.</span> <span class='ocrx_word' id='word_1_161' title='bbox 365 2459 454 2525; x_wconf 87' lang='lat' dir='ltr'>Quum</span> <span class='ocrx_word' id='word_1_162' title='bbox 469 2479 531 2532; x_wconf 86' lang='lat' dir='ltr'>ergo</span> <span class='ocrx_word' id='word_1_163' title='bbox 545 2464 642 2512; x_wconf 81' lang='lat' dir='ltr'>nurnine</span> <span class='ocrx_word' id='word_1_164' title='bbox 651 2479 717 2532; x_wconf 91' lang='lat' dir='ltr'>quo·</span> <span class='ocrx_word' id='word_1_165' title='bbox 761 2465 834 2513; x_wconf 80' lang='lat' dir='ltr'>Iunoe.</span> <span class='ocrx_word' id='word_1_166' title='bbox 847 2461 879 2516; x_wconf 91' lang='lat' dir='ltr'>In</span> <span class='ocrx_word' id='word_1_167' title='bbox 890 2462 970 2532; x_wconf 84' lang='lat' dir='ltr'>longo</span> <span class='ocrx_word' id='word_1_168' title='bbox 979 2454 1207 2536; x_wconf 42' lang='lat' dir='ltr'>ejusdem&#39;Medeae</span> <span class='ocrx_word' id='word_1_169' title='bbox 1216 2473 1269 2505; x_wconf 89' lang='lat' dir='ltr'>me·</span> 
     </span>
     <span class='ocr_line' id='line_1_22' title="bbox 209 2531 1267 2609; baseline -0.005 -21"><span class='ocrx_word' id='word_1_170' title='bbox 209 2533 270 2589; x_wconf 81' lang='lat' dir='ltr'>dem</span> <span class='ocrx_word' id='word_1_171' title='bbox 285 2543 381 2606; x_wconf 81' lang='lat' dir='ltr'>penitus</span> <span class='ocrx_word' id='word_1_172' title='bbox 400 2542 478 2599; x_wconf 84' lang='lat' dir='ltr'>vinei,</span> <span class='ocrx_word' id='word_1_173' title='bbox 496 2550 580 2592; x_wconf 87' lang='lat' dir='ltr'>totum</span> <span class='ocrx_word' id='word_1_174' title='bbox 600 2540 716 2592; x_wconf 83' lang='lat' dir='ltr'>animum</span> <span class='ocrx_word' id='word_1_175' title='bbox 761 2537 921 2594; x_wconf 76' lang='lat' dir='ltr'>diceminum</span> <span class='ocrx_word' id='word_1_176' title='bbox 940 2537 1031 2592; x_wconf 87' lang='lat' dir='ltr'>indice</span> <span class='ocrx_word' id='word_1_177' title='bbox 1050 2535 1121 2609; x_wconf 85' lang='lat' dir='ltr'>npud</span> <span class='ocrx_word' id='word_1_178' title='bbox 1146 2531 1267 2588; x_wconf 87' lang='lat' dir='ltr'>eumdem</span> 
     </span>
     <span class='ocr_line' id='line_1_23' title="bbox 210 2616 1265 2688; baseline -0.008 -18"><span class='ocrx_word' id='word_1_179' title='bbox 210 2618 324 2687; x_wconf 86' lang='lat' dir='ltr'>impelli,</span> <span class='ocrx_word' id='word_1_180' title='bbox 335 2616 449 2671; x_wconf 67' lang='lat' dir='ltr'>obsideri</span> <span class='ocrx_word' id='word_1_181' title='bbox 459 2659 466 2684; x_wconf 87' lang='lat'>,</span> <span class='ocrx_word' id='word_1_182' title='bbox 478 2622 586 2681; x_wconf 79' lang='lat' dir='ltr'>sentiret,</span> <span class='ocrx_word' id='word_1_183' title='bbox 600 2631 626 2672; x_wconf 88' lang='lat' dir='ltr'>et</span> <span class='ocrx_word' id='word_1_184' title='bbox 639 2623 717 2670; x_wconf 79' lang='lat' dir='ltr'>atsct-</span> <span class='ocrx_word' id='word_1_185' title='bbox 760 2618 885 2672; x_wconf 86' lang='lat' dir='ltr'>Ovidium</span> <span class='ocrx_word' id='word_1_186' title='bbox 893 2661 900 2684; x_wconf 94' lang='lat'>,</span> <span class='ocrx_word' id='word_1_187' title='bbox 908 2620 1014 2672; x_wconf 74' lang='lat' dir='ltr'>Metam.</span> <span class='ocrx_word' id='word_1_188' title='bbox 1023 2618 1085 2683; x_wconf 84' lang='lat' dir='ltr'>vlt,</span> <span class='ocrx_word' id='word_1_189' title='bbox 1095 2619 1145 2677; x_wconf 74' lang='lat'>264</span> <span class='ocrx_word' id='word_1_190' title='bbox 1155 2635 1195 2688; x_wconf 79' lang='lat' dir='ltr'>tq.</span> <span class='ocrx_word' id='word_1_191' title='bbox 1206 2625 1265 2665; x_wconf 80' lang='lat' dir='ltr'>sunt</span> 
     </span>
     <span class='ocr_line' id='line_1_24' title="bbox 208 2696 1269 2766; baseline -0.003 -20"><span class='ocrx_word' id='word_1_192' title='bbox 208 2716 272 2756; x_wconf 85' lang='lat' dir='ltr'>sum,</span> <span class='ocrx_word' id='word_1_193' title='bbox 298 2715 437 2749; x_wconf 77' lang='lat' dir='ltr'>excussum</span> <span class='ocrx_word' id='word_1_194' title='bbox 464 2715 537 2758; x_wconf 77' lang='lat' dir='ltr'>etse,</span> <span class='ocrx_word' id='word_1_195' title='bbox 562 2698 715 2765; x_wconf 73' lang='lat' dir='ltr'>evanuisse,</span> <span class='ocrx_word' id='word_1_196' title='bbox 760 2697 954 2766; x_wconf 75' lang='lat' dir='ltr'>etinmexeeptoe</span> <span class='ocrx_word' id='word_1_197' title='bbox 962 2705 1030 2748; x_wconf 81' lang='lat' dir='ltr'>Luna</span> <span class='ocrx_word' id='word_1_198' title='bbox 1038 2696 1269 2764; x_wconf 56' lang='lat' dir='ltr'>pernoctantium</span> 
     </span>
     <span class='ocr_line' id='line_1_25' title="bbox 209 2775 1265 2848; baseline 0.004 -22"><span class='ocrx_word' id='word_1_199' title='bbox 209 2779 329 2844; x_wconf 80' lang='lat' dir='ltr'>quidquid</span> <span class='ocrx_word' id='word_1_200' title='bbox 337 2780 486 2843; x_wconf 80' lang='lat' dir='ltr'>pudorante</span> <span class='ocrx_word' id='word_1_201' title='bbox 496 2781 621 2838; x_wconf 67' lang='lat' dir='ltr'>interrobat,</span> <span class='ocrx_word' id='word_1_202' title='bbox 631 2777 715 2848; x_wconf 92' lang='lat' dir='ltr'>pudo·</span> <span class='ocrx_word' id='word_1_203' title='bbox 760 2776 820 2830; x_wconf 84' lang='lat' dir='ltr'>tide</span> <span class='ocrx_word' id='word_1_204' title='bbox 836 2789 862 2829; x_wconf 91' lang='lat' dir='ltr'>et</span> <span class='ocrx_word' id='word_1_205' title='bbox 879 2778 1005 2831; x_wconf 74' lang='lat' dir='ltr'>Nostrum</span> <span class='ocrx_word' id='word_1_206' title='bbox 1023 2795 1119 2847; x_wconf 82' lang='lat' dir='ltr'>tuprn‚</span> <span class='ocrx_word' id='word_1_207' title='bbox 1130 2775 1181 2838; x_wconf 89' lang='lat' dir='ltr'>VI,</span> <span class='ocrx_word' id='word_1_208' title='bbox 1196 2780 1265 2843; x_wconf 67' lang='lat'>447:</span> 
     </span>
     <span class='ocr_line' id='line_1_26' title="bbox 208 2853 1267 2922; baseline -0.001 -18"><span class='ocrx_word' id='word_1_209' title='bbox 208 2853 244 2906; x_wconf 79' lang='lat' dir='ltr'>rit</span> <span class='ocrx_word' id='word_1_210' title='bbox 259 2855 372 2918; x_wconf 82' lang='lat' dir='ltr'>monita,</span> <span class='ocrx_word' id='word_1_211' title='bbox 391 2870 441 2906; x_wconf 86' lang='lat' dir='ltr'>tum</span> <span class='ocrx_word' id='word_1_212' title='bbox 458 2857 562 2906; x_wconf 73' lang='lat' dir='ltr'>thalami</span> <span class='ocrx_word' id='word_1_213' title='bbox 574 2862 712 2922; x_wconf 79' lang='lat' dir='ltr'>penetrale,</span> <span class='ocrx_word' id='word_1_214' title='bbox 759 2855 865 2906; x_wconf 80' lang='lat' dir='ltr'>Atracio</span> <span class='ocrx_word' id='word_1_215' title='bbox 884 2862 979 2906; x_wconf 84' lang='lat' dir='ltr'>Lunam</span> <span class='ocrx_word' id='word_1_216' title='bbox 996 2873 1089 2906; x_wconf 80' lang='lat' dir='ltr'>veneno</span> <span class='ocrx_word' id='word_1_217' title='bbox 1107 2868 1267 2922; x_wconf 74' lang='lat' dir='ltr'>spumantem.</span> 
     </span>
     <span class='ocr_line' id='line_1_27' title="bbox 207 2932 1269 3005; baseline -0.002 -23"><span class='ocrx_word' id='word_1_218' title='bbox 207 2933 314 2986; x_wconf 82' lang='lat' dir='ltr'>interint</span> <span class='ocrx_word' id='word_1_219' title='bbox 325 2934 450 2988; x_wconf 76' lang='lat' dir='ltr'>conclave</span> <span class='ocrx_word' id='word_1_220' title='bbox 459 2971 467 2996; x_wconf 92' lang='lat'>,</span> <span class='ocrx_word' id='word_1_221' title='bbox 474 2939 549 3002; x_wconf 84' lang='lat' dir='ltr'>petit,</span> <span class='ocrx_word' id='word_1_222' title='bbox 563 2936 608 2987; x_wconf 90' lang='lat' dir='ltr'>nbi</span> <span class='ocrx_word' id='word_1_223' title='bbox 618 2935 714 2989; x_wconf 76' lang='lat' dir='ltr'>herbas</span> <span class='ocrx_word' id='word_1_224' title='bbox 758 2963 793 2973; x_wconf 85' lang='lat'><em>-</em></span> <span class='ocrx_word' id='word_1_225' title='bbox 806 2932 856 2985; x_wconf 77' lang='lat' dir='ltr'>Adi</span> <span class='ocrx_word' id='word_1_226' title='bbox 871 2945 995 3005; x_wconf 69' lang='lat' dir='ltr'>preterea</span> <span class='ocrx_word' id='word_1_227' title='bbox 1011 2933 1085 2984; x_wconf 75' lang='lat' dir='ltr'>statii</span> <span class='ocrx_word' id='word_1_228' title='bbox 1096 2932 1183 2984; x_wconf 84' lang='lat' dir='ltr'>Theb.</span> <span class='ocrx_word' id='word_1_229' title='bbox 1198 2943 1269 2984; x_wconf 75' lang='lat' dir='ltr'>nost.</span> 
     </span>
     <span class='ocr_line' id='line_1_28' title="bbox 208 3011 1267 3087; baseline -0.001 -25"><span class='ocrx_word' id='word_1_230' title='bbox 208 3014 325 3066; x_wconf 79' lang='lat' dir='ltr'>servabat</span> <span class='ocrx_word' id='word_1_231' title='bbox 337 3012 657 3083; x_wconf 75' lang='lat' dir='ltr'>conditas,attxi1ia‚quoe</span> <span class='ocrx_word' id='word_1_232' title='bbox 664 3035 714 3066; x_wconf 84' lang='lat' dir='ltr'>ma-</span> <span class='ocrx_word' id='word_1_233' title='bbox 757 3011 798 3065; x_wconf 88' lang='lat' dir='ltr'>ed.</span> <span class='ocrx_word' id='word_1_234' title='bbox 803 3014 835 3068; x_wconf 88' lang='lat' dir='ltr'>T.</span> <span class='ocrx_word' id='word_1_235' title='bbox 846 3013 886 3080; x_wconf 91' lang='lat'>11,</span> <span class='ocrx_word' id='word_1_236' title='bbox 895 3034 921 3087; x_wconf 87' lang='lat' dir='ltr'>p.</span> <span class='ocrx_word' id='word_1_237' title='bbox 934 3013 996 3075; x_wconf 73' lang='lat'>128,</span> <span class='ocrx_word' id='word_1_238' title='bbox 1006 3013 1053 3065; x_wconf 89' lang='lat' dir='ltr'>ubi</span> <span class='ocrx_word' id='word_1_239' title='bbox 1064 3012 1099 3066; x_wconf 92' lang='lat' dir='ltr'>de</span> <span class='ocrx_word' id='word_1_240' title='bbox 1109 3016 1194 3064; x_wconf 79' lang='lat' dir='ltr'>labore</span> <span class='ocrx_word' id='word_1_241' title='bbox 1202 3017 1267 3062; x_wconf 78' lang='lat' dir='ltr'>luna·</span> 
     </span>
    </p>
   </div>
   <div class='ocr_carea' id='block_1_6' title="bbox 111 3092 1207 3164">
    <p class='ocr_par' dir='ltr' id='par_1_16' title="bbox 111 3092 1207 3164">
     <span class='ocr_line' id='line_1_29' title="bbox 111 3092 1207 3164; baseline 0.003 -23"><span class='ocrx_word' id='word_1_242' title='bbox 111 3107 114 3114; x_wconf 78' lang='grc'>’</span> <span class='ocrx_word' id='word_1_243' title='bbox 207 3095 287 3151; x_wconf 68' lang='lat' dir='ltr'>rima,</span> <span class='ocrx_word' id='word_1_244' title='bbox 299 3092 512 3160; x_wconf 56' lang='lat' dir='ltr'>patentissima,</span> <span class='ocrx_word' id='word_1_245' title='bbox 522 3107 610 3154; x_wconf 85' lang='lat' dir='ltr'>norat,</span> <span class='ocrx_word' id='word_1_246' title='bbox 615 3115 664 3162; x_wconf 87' lang='lat' dir='ltr'>pro</span> <span class='ocrx_word' id='word_1_247' title='bbox 676 3115 713 3145; x_wconf 82' lang='lat' dir='ltr'>re·</span> <span class='ocrx_word' id='word_1_248' title='bbox 756 3093 911 3164; x_wconf 83' lang='lat' dir='ltr'>ampliorem</span> <span class='ocrx_word' id='word_1_249' title='bbox 920 3104 1011 3145; x_wconf 81' lang='lat' dir='ltr'>notem</span> <span class='ocrx_word' id='word_1_250' title='bbox 1023 3092 1146 3145; x_wconf 78' lang='lat' dir='ltr'>invenies.</span> <span class='ocrx_word' id='word_1_251' title='bbox 1156 3093 1207 3144; x_wconf 84' lang='lat' dir='ltr'>En.</span> 
     </span>
    </p>
   </div>
   <div class='ocr_carea' id='block_1_7' title="bbox 201 3173 1265 4194">
    <p class='ocr_par' dir='ltr' id='par_1_17' title="bbox 204 3173 1265 3326">
     <span class='ocr_line' id='line_1_30' title="bbox 204 3173 1265 3246; baseline 0.001 -23"><span class='ocrx_word' id='word_1_252' title='bbox 204 3191 249 3239; x_wconf 81' lang='lat' dir='ltr'>ge,</span> <span class='ocrx_word' id='word_1_253' title='bbox 266 3173 402 3246; x_wconf 84' lang='lat' dir='ltr'>principe,</span> <span class='ocrx_word' id='word_1_254' title='bbox 422 3177 566 3235; x_wconf 74' lang='lat' dir='ltr'>Hoemonint,</span> <span class='ocrx_word' id='word_1_255' title='bbox 582 3173 710 3227; x_wconf 77' lang='lat' dir='ltr'>Thessali-</span> <span class='ocrx_word' id='word_1_256' title='bbox 793 3174 852 3226; x_wconf 81' lang='lat'>331.</span> <span class='ocrx_word' id='word_1_257' title='bbox 862 3175 994 3226; x_wconf 78' lang='lat' dir='ltr'>Jamvetn</span> <span class='ocrx_word' id='word_1_258' title='bbox 1005 3174 1152 3226; x_wconf 78' lang='lat' dir='ltr'>Jeeonituo</span> <span class='ocrx_word' id='word_1_259' title='bbox 1164 3173 1265 3244; x_wconf 72' lang='lat' dir='ltr'>potitii-</span> 
     </span>
     <span class='ocr_line' id='line_1_31' title="bbox 207 3252 1265 3326; baseline 0.002 -25"><span class='ocrx_word' id='word_1_260' title='bbox 207 3254 518 3319; x_wconf 74' lang='lat' dir='ltr'>eae,carinaequoesitura.</span> <span class='ocrx_word' id='word_1_261' title='bbox 756 3271 829 3305; x_wconf 84' lang='lat' dir='ltr'>rnnm</span> <span class='ocrx_word' id='word_1_262' title='bbox 840 3255 979 3326; x_wconf 80' lang='lat' dir='ltr'>profutura</span> <span class='ocrx_word' id='word_1_263' title='bbox 988 3271 1088 3306; x_wconf 79' lang='lat' dir='ltr'>venena</span> <span class='ocrx_word' id='word_1_264' title='bbox 1104 3252 1196 3324; x_wconf 82' lang='lat' dir='ltr'>eliget?</span> <span class='ocrx_word' id='word_1_265' title='bbox 1215 3252 1265 3304; x_wconf 81' lang='lat' dir='ltr'>Mi·</span> 
     </span>
    </p>

    <p class='ocr_par' dir='ltr' id='par_1_18' title="bbox 201 3330 1264 4194">
     <span class='ocr_line' id='line_1_32' title="bbox 243 3330 1262 3402; baseline 0.003 -21"><span class='ocrx_word' id='word_1_266' title='bbox 243 3330 301 3395; x_wconf 75' lang='lat'>327.</span> <span class='ocrx_word' id='word_1_267' title='bbox 311 3334 401 3382; x_wconf 81' lang='lat' dir='ltr'>Procul</span> <span class='ocrx_word' id='word_1_268' title='bbox 410 3333 510 3398; x_wconf 72' lang='lat' dir='ltr'>ntagicis</span> <span class='ocrx_word' id='word_1_269' title='bbox 518 3334 638 3397; x_wconf 78' lang='lat' dir='ltr'>spirantia</span> <span class='ocrx_word' id='word_1_270' title='bbox 648 3347 712 3384; x_wconf 79' lang='lat' dir='ltr'>reeta</span> <span class='ocrx_word' id='word_1_271' title='bbox 756 3332 826 3385; x_wconf 88' lang='lat' dir='ltr'>nime</span> <span class='ocrx_word' id='word_1_272' title='bbox 842 3336 923 3402; x_wconf 84' lang='lat' dir='ltr'>vero(</span> <span class='ocrx_word' id='word_1_273' title='bbox 933 3334 1003 3387; x_wconf 81' lang='lat' dir='ltr'>enni.</span> <span class='ocrx_word' id='word_1_274' title='bbox 1023 3331 1057 3385; x_wconf 85' lang='lat' dir='ltr'>nd</span> <span class='ocrx_word' id='word_1_275' title='bbox 1073 3345 1158 3386; x_wconf 87' lang='lat' dir='ltr'>totum</span> <span class='ocrx_word' id='word_1_276' title='bbox 1175 3333 1262 3385; x_wconf 90' lang='lat' dir='ltr'>locum</span> 
     </span>
     <span class='ocr_line' id='line_1_33' title="bbox 206 3408 1264 3483; baseline 0.007 -26"><span class='ocrx_word' id='word_1_277' title='bbox 206 3411 318 3468; x_wconf 82' lang='lat' dir='ltr'>venenis,</span> <span class='ocrx_word' id='word_1_278' title='bbox 332 3408 426 3461; x_wconf 79' lang='lat' dir='ltr'>odoret</span> <span class='ocrx_word' id='word_1_279' title='bbox 447 3409 589 3463; x_wconf 73' lang='lat' dir='ltr'>herbarum</span> <span class='ocrx_word' id='word_1_280' title='bbox 607 3430 637 3464; x_wconf 88' lang='lat' dir='ltr'>ex</span> <span class='ocrx_word' id='word_1_281' title='bbox 655 3429 712 3464; x_wconf 86' lang='lat' dir='ltr'>eon·</span> <span class='ocrx_word' id='word_1_282' title='bbox 757 3411 878 3483; x_wconf 79' lang='lat' dir='ltr'>Apollnn.</span> <span class='ocrx_word' id='word_1_283' title='bbox 889 3413 942 3476; x_wconf 87' lang='lat'>111,</span> <span class='ocrx_word' id='word_1_284' title='bbox 956 3413 1005 3465; x_wconf 80' lang='lat'>801</span> <span class='ocrx_word' id='word_1_285' title='bbox 1020 3431 1059 3483; x_wconf 86' lang='lat' dir='ltr'>sq.</span> <span class='ocrx_word' id='word_1_286' title='bbox 1074 3415 1093 3480; x_wconf 89' lang='lat'>).</span> <span class='ocrx_word' id='word_1_287' title='bbox 1107 3411 1264 3466; x_wconf 71' lang='lat' dir='ltr'>Laudabunt</span> 
     </span>
     <span class='ocr_line' id='line_1_34' title="bbox 206 3487 1262 3561; baseline 0.006 -23"><span class='ocrx_word' id='word_1_288' title='bbox 206 3487 275 3538; x_wconf 82' lang='lat' dir='ltr'>clavi</span> <span class='ocrx_word' id='word_1_289' title='bbox 285 3488 336 3540; x_wconf 80' lang='lat' dir='ltr'>late</span> <span class='ocrx_word' id='word_1_290' title='bbox 348 3490 430 3558; x_wconf 75' lang='lat' dir='ltr'>sparti</span> <span class='ocrx_word' id='word_1_291' title='bbox 443 3501 541 3541; x_wconf 79' lang='lat' dir='ltr'>eunt...</span> <span class='ocrx_word' id='word_1_292' title='bbox 557 3494 641 3541; x_wconf 82' lang='lat' dir='ltr'>oblata</span> <span class='ocrx_word' id='word_1_293' title='bbox 655 3510 711 3541; x_wconf 82' lang='lat' dir='ltr'>con·</span> <span class='ocrx_word' id='word_1_294' title='bbox 755 3511 858 3544; x_wconf 81' lang='lat' dir='ltr'>rneeum</span> <span class='ocrx_word' id='word_1_295' title='bbox 875 3511 965 3545; x_wconf 86' lang='lat' dir='ltr'>omnes</span> <span class='ocrx_word' id='word_1_296' title='bbox 979 3503 1060 3561; x_wconf 71' lang='lat' dir='ltr'>poete</span> <span class='ocrx_word' id='word_1_297' title='bbox 1074 3505 1262 3554; x_wconf 84' lang='lat' dir='ltr'>commentum,</span> 
     </span>
     <span class='ocr_line' id='line_1_35' title="bbox 205 3568 1261 3642; baseline 0.008 -25"><span class='ocrx_word' id='word_1_298' title='bbox 205 3583 244 3617; x_wconf 85' lang='lat' dir='ltr'>tra</span> <span class='ocrx_word' id='word_1_299' title='bbox 254 3569 350 3627; x_wconf 84' lang='lat' dir='ltr'>omnia,</span> <span class='ocrx_word' id='word_1_300' title='bbox 359 3568 394 3621; x_wconf 88' lang='lat' dir='ltr'>ob</span> <span class='ocrx_word' id='word_1_301' title='bbox 403 3569 494 3621; x_wconf 79' lang='lat' dir='ltr'>oculor</span> <span class='ocrx_word' id='word_1_302' title='bbox 502 3569 616 3621; x_wconf 82' lang='lat' dir='ltr'>habebat</span> <span class='ocrx_word' id='word_1_303' title='bbox 627 3580 711 3621; x_wconf 88' lang='lat' dir='ltr'>tntum</span> <span class='ocrx_word' id='word_1_304' title='bbox 755 3589 809 3642; x_wconf 88' lang='lat' dir='ltr'>quo</span> <span class='ocrx_word' id='word_1_305' title='bbox 817 3571 912 3624; x_wconf 83' lang='lat' dir='ltr'>honori</span> <span class='ocrx_word' id='word_1_306' title='bbox 921 3571 1021 3624; x_wconf 77' lang='lat' dir='ltr'>Medeae</span> <span class='ocrx_word' id='word_1_307' title='bbox 1034 3571 1121 3624; x_wconf 89' lang='lat' dir='ltr'>denuo</span> <span class='ocrx_word' id='word_1_308' title='bbox 1134 3573 1261 3639; x_wconf 85' lang='lat' dir='ltr'>consulit,</span> 
     </span>
     <span class='ocr_line' id='line_1_36' title="bbox 204 3649 1262 3722; baseline 0.01 -27"><span class='ocrx_word' id='word_1_309' title='bbox 204 3663 367 3698; x_wconf 86' lang='lat' dir='ltr'>venenorum</span> <span class='ocrx_word' id='word_1_310' title='bbox 377 3659 531 3718; x_wconf 76' lang='lat' dir='ltr'>apparatum</span> <span class='ocrx_word' id='word_1_311' title='bbox 541 3667 612 3716; x_wconf 83' lang='lat' dir='ltr'>‚quoe</span> <span class='ocrx_word' id='word_1_312' title='bbox 620 3655 710 3707; x_wconf 84' lang='lat' dir='ltr'>Ponto,</span> <span class='ocrx_word' id='word_1_313' title='bbox 755 3668 912 3721; x_wconf 79' lang='lat' dir='ltr'>tentumque</span> <span class='ocrx_word' id='word_1_314' title='bbox 921 3649 1030 3722; x_wconf 78' lang='lat' dir='ltr'>pudoris</span> <span class='ocrx_word' id='word_1_315' title='bbox 1042 3652 1123 3704; x_wconf 73' lang='lat' dir='ltr'>semel</span> <span class='ocrx_word' id='word_1_316' title='bbox 1135 3651 1222 3706; x_wconf 74' lang='lat' dir='ltr'>adhue</span> <span class='ocrx_word' id='word_1_317' title='bbox 1234 3654 1262 3706; x_wconf 91' lang='lat' dir='ltr'>in</span> 
     </span>
     <span class='ocr_line' id='line_1_37' title="bbox 203 3724 1263 3802; baseline 0.008 -26"><span class='ocrx_word' id='word_1_318' title='bbox 203 3743 234 3776; x_wconf 86' lang='lat' dir='ltr'>ex</span> <span class='ocrx_word' id='word_1_319' title='bbox 250 3724 325 3776; x_wconf 81' lang='lat' dir='ltr'>terrie</span> <span class='ocrx_word' id='word_1_320' title='bbox 338 3725 424 3778; x_wconf 85' lang='lat' dir='ltr'>Ponto</span> <span class='ocrx_word' id='word_1_321' title='bbox 444 3725 623 3798; x_wconf 77' lang='lat' dir='ltr'>adjacentibus</span> <span class='ocrx_word' id='word_1_322' title='bbox 633 3767 640 3792; x_wconf 90' lang='lat'><strong>‚</strong></span> <span class='ocrx_word' id='word_1_323' title='bbox 656 3747 711 3794; x_wconf 71' lang='lat' dir='ltr'>quet</span> <span class='ocrx_word' id='word_1_324' title='bbox 755 3731 871 3782; x_wconf 81' lang='lat' dir='ltr'>animum</span> <span class='ocrx_word' id='word_1_325' title='bbox 882 3731 937 3800; x_wconf 81' lang='lat' dir='ltr'>ejus</span> <span class='ocrx_word' id='word_1_326' title='bbox 945 3729 1020 3802; x_wconf 88' lang='lat' dir='ltr'>jubet</span> <span class='ocrx_word' id='word_1_327' title='bbox 1031 3729 1125 3783; x_wconf 85' lang='lat' dir='ltr'>redire.</span> <span class='ocrx_word' id='word_1_328' title='bbox 1138 3731 1209 3796; x_wconf 90' lang='lat' dir='ltr'>Quid</span> <span class='ocrx_word' id='word_1_329' title='bbox 1219 3733 1231 3784; x_wconf 77' lang='lat' dir='ltr'>i</span> <span class='ocrx_word' id='word_1_330' title='bbox 1241 3733 1263 3786; x_wconf 81' lang='lat' dir='ltr'>n</span> 
     </span>
     <span class='ocr_line' id='line_1_38' title="bbox 203 3807 1262 3880; baseline 0.011 -28"><span class='ocrx_word' id='word_1_331' title='bbox 203 3807 317 3856; x_wconf 80' lang='lat' dir='ltr'>Manibus</span> <span class='ocrx_word' id='word_1_332' title='bbox 326 3809 389 3855; x_wconf 81' lang='lat' dir='ltr'>eruit</span> <span class='ocrx_word' id='word_1_333' title='bbox 398 3809 462 3866; x_wconf 84' lang='lat' dir='ltr'>imis,</span> <span class='ocrx_word' id='word_1_334' title='bbox 472 3825 486 3859; x_wconf 91' lang='lat' dir='ltr'>e</span> <span class='ocrx_word' id='word_1_335' title='bbox 496 3807 613 3871; x_wconf 67' lang='lat' dir='ltr'>tumulis,</span> <span class='ocrx_word' id='word_1_336' title='bbox 623 3807 708 3877; x_wconf 83' lang='lat' dir='ltr'>tepui·</span> <span class='ocrx_word' id='word_1_337' title='bbox 752 3807 793 3860; x_wconf 83' lang='lat' dir='ltr'>hir</span> <span class='ocrx_word' id='word_1_338' title='bbox 806 3809 914 3860; x_wconf 76' lang='lat' dir='ltr'>venenis</span> <span class='ocrx_word' id='word_1_339' title='bbox 923 3809 983 3870; x_wconf 76' lang='lat' dir='ltr'>,ita</span> <span class='ocrx_word' id='word_1_340' title='bbox 997 3809 1146 3880; x_wconf 82' lang='lat' dir='ltr'>loquentem</span> <span class='ocrx_word' id='word_1_341' title='bbox 1161 3811 1262 3866; x_wconf 82' lang='lat' dir='ltr'>inducit</span> 
     </span>
     <span class='ocr_line' id='line_1_39' title="bbox 202 3883 1259 3961; baseline 0.012 -29"><span class='ocrx_word' id='word_1_342' title='bbox 202 3883 252 3934; x_wconf 79' lang='lat' dir='ltr'>eris</span> <span class='ocrx_word' id='word_1_343' title='bbox 264 3884 388 3947; x_wconf 79' lang='lat' dir='ltr'>collecta,</span> <span class='ocrx_word' id='word_1_344' title='bbox 404 3899 428 3934; x_wconf 83' lang='lat' dir='ltr'>et</span> <span class='ocrx_word' id='word_1_345' title='bbox 440 3905 495 3953; x_wconf 81' lang='lat' dir='ltr'>qnoe</span> <span class='ocrx_word' id='word_1_346' title='bbox 507 3889 647 3955; x_wconf 73' lang='lat' dir='ltr'>sanguinea·</span> <span class='ocrx_word' id='word_1_347' title='bbox 663 3893 709 3936; x_wconf 83' lang='lat' dir='ltr'>Lu·</span> <span class='ocrx_word' id='word_1_348' title='bbox 753 3885 927 3939; x_wconf 73' lang='lat' dir='ltr'>miserandam</span> <span class='ocrx_word' id='word_1_349' title='bbox 939 3888 1088 3961; x_wconf 75' lang='lat' dir='ltr'>virginem,</span> <span class='ocrx_word' id='word_1_350' title='bbox 1103 3889 1184 3960; x_wconf 83' lang='lat' dir='ltr'>quid?</span> <span class='ocrx_word' id='word_1_351' title='bbox 1197 3893 1219 3944; x_wconf 84' lang='lat' dir='ltr'>ti</span> <span class='ocrx_word' id='word_1_352' title='bbox 1232 3893 1259 3944; x_wconf 93' lang='lat' dir='ltr'>in</span> 
     </span>
     <span class='ocr_line' id='line_1_40' title="bbox 201 3964 1260 4043; baseline 0.015 -32"><span class='ocrx_word' id='word_1_353' title='bbox 201 3981 241 4012; x_wconf 71' lang='lat' dir='ltr'>nm</span> <span class='ocrx_word' id='word_1_354' title='bbox 252 3965 377 4014; x_wconf 75' lang='lat' dir='ltr'>distrinxit</span> <span class='ocrx_word' id='word_1_355' title='bbox 387 3964 497 4032; x_wconf 75' lang='lat' dir='ltr'>(melius</span> <span class='ocrx_word' id='word_1_356' title='bbox 508 3969 652 4027; x_wconf 75' lang='lat' dir='ltr'>destrinxit,</span> <span class='ocrx_word' id='word_1_357' title='bbox 665 3964 710 4017; x_wconf 89' lang='lat' dir='ltr'>de·</span> <span class='ocrx_word' id='word_1_358' title='bbox 753 3984 795 4018; x_wconf 88' lang='lat' dir='ltr'>me</span> <span class='ocrx_word' id='word_1_359' title='bbox 806 3966 891 4036; x_wconf 84' lang='lat' dir='ltr'>iptttrn</span> <span class='ocrx_word' id='word_1_360' title='bbox 901 3966 975 4019; x_wconf 77' lang='lat' dir='ltr'>utar?</span> <span class='ocrx_word' id='word_1_361' title='bbox 987 3973 1053 4020; x_wconf 70' lang='lat' dir='ltr'>Titne</span> <span class='ocrx_word' id='word_1_362' title='bbox 1061 3973 1179 4038; x_wconf 77' lang='lat' dir='ltr'>sequeris,</span> <span class='ocrx_word' id='word_1_363' title='bbox 1188 3991 1260 4043; x_wconf 77' lang='lat' dir='ltr'>ngat,</span> 
     </span>
     <span class='ocr_line' id='line_1_41' title="bbox 202 4040 1260 4120; baseline 0.012 -30"><span class='ocrx_word' id='word_1_364' title='bbox 202 4040 294 4110; x_wconf 80' lang='lat' dir='ltr'>tersit)</span> <span class='ocrx_word' id='word_1_365' title='bbox 314 4046 345 4092; x_wconf 82' lang='lat' dir='ltr'>ab</span> <span class='ocrx_word' id='word_1_366' title='bbox 374 4045 424 4104; x_wconf 86' lang='lat' dir='ltr'>ira,</span> <span class='ocrx_word' id='word_1_367' title='bbox 449 4061 569 4114; x_wconf 79' lang='lat' dir='ltr'>spumam</span> <span class='ocrx_word' id='word_1_368' title='bbox 596 4061 708 4115; x_wconf 83' lang='lat' dir='ltr'>nempe,</span> <span class='ocrx_word' id='word_1_369' title='bbox 753 4045 847 4108; x_wconf 77' lang='lat' dir='ltr'>seciae,</span> <span class='ocrx_word' id='word_1_370' title='bbox 868 4050 1016 4114; x_wconf 80' lang='lat' dir='ltr'>quidquam,</span> <span class='ocrx_word' id='word_1_371' title='bbox 1036 4066 1082 4100; x_wconf 86' lang='lat' dir='ltr'>aut</span> <span class='ocrx_word' id='word_1_372' title='bbox 1097 4053 1198 4117; x_wconf 82' lang='lat' dir='ltr'>patiare</span> <span class='ocrx_word' id='word_1_373' title='bbox 1212 4074 1260 4120; x_wconf 82' lang='lat' dir='ltr'>pn-</span> 
     </span>
     <span class='ocr_line' id='line_1_42' title="bbox 201 4121 1261 4194; baseline 0.014 -25"><span class='ocrx_word' id='word_1_374' title='bbox 201 4137 281 4189; x_wconf 74' lang='lat' dir='ltr'>qunm</span> <span class='ocrx_word' id='word_1_375' title='bbox 298 4121 375 4174; x_wconf 76' lang='lat' dir='ltr'>Luna</span> <span class='ocrx_word' id='word_1_376' title='bbox 393 4121 568 4176; x_wconf 77' lang='lat' dir='ltr'>veneficarum</span> <span class='ocrx_word' id='word_1_377' title='bbox 587 4123 710 4178; x_wconf 79' lang='lat' dir='ltr'>carmini·</span> <span class='ocrx_word' id='word_1_378' title='bbox 752 4127 871 4185; x_wconf 73' lang='lat' dir='ltr'>dentium,</span> <span class='ocrx_word' id='word_1_379' title='bbox 886 4126 979 4193; x_wconf 80' lang='lat' dir='ltr'>neiat,</span> <span class='ocrx_word' id='word_1_380' title='bbox 994 4147 1068 4194; x_wconf 81' lang='lat' dir='ltr'>quum</span> <span class='ocrx_word' id='word_1_381' title='bbox 1085 4133 1129 4182; x_wconf 78' lang='lat' dir='ltr'>titi</span> <span class='ocrx_word' id='word_1_382' title='bbox 1145 4145 1180 4183; x_wconf 82' lang='lat' dir='ltr'>tot</span> <span class='ocrx_word' id='word_1_383' title='bbox 1201 4151 1261 4183; x_wconf 65' lang='lat' dir='ltr'>mon</span> 
     </span>
    </p>
   </div>
   <div class='ocr_carea' id='block_1_8' title="bbox 0 0 1516 4678">
    <p class='ocr_par' dir='ltr' id='par_1_19' title="bbox 0 0 1516 4678">
     <span class='ocr_line' id='line_1_43' title="bbox 0 0 1516 4678; baseline 0 6"><span class='ocrx_word' id='word_1_384' title='bbox 0 0 1516 4678; x_wconf 95' lang='lat' dir='ltr'> </span> 
     </span>
    </p>
   </div>
  </div>
 </body>
</html>
