2994 4702
539 339 924 405 inconsonas.
1206 335 1271 436 319

236 474 309 564 lpse
326 493 389 562 ego
406 471 442 536 ni
459 471 590 536 citharae
607 471 709 534 versis
724 471 759 534 in
775 469 919 534 carmina
935 467 1083 548 chordis,

235 585 329 668 Quos
347 601 450 650 mater
463 584 577 650 docuit
591 585 750 650 misissem
767 601 899 674 pectore
912 598 1044 665 cantus;
1136 604 1140 631 ἰ

235 701 489 790 Pangebamque
504 699 609 764 modis
628 723 759 766 suarem
773 699 1002 766 resonantibus
1018 699 1199 788 hymnum,
1222 711 1271 750 ¹²⁶⁵

237 819 282 881 Ut
299 817 466 907 qnondam
482 816 660 907 eripedum
678 839 774 882 causa
791 816 922 882 certarit
937 837 1100 904 equorum
1149 879 1151 884 .

235 933 363 1022 Jupiter
378 949 539 998 astrorum
557 931 657 1014 deus,
673 948 707 996 et
726 931 901 1019 Neptunus
917 953 1094 1020 aquarum,
1202 913 1204 920 ,

231 1047 340 1136 thue
359 1049 553 1138 Lycaoniam
570 1063 690 1113 terram
706 1045 789 1112 deus
803 1047 943 1135 oequoris
959 1069 1058 1112 aureo

236 1163 340 1226 lratus
355 1163 445 1229 fratri
459 1163 655 1253 percusserit
672 1160 751 1227 inde
774 1161 938 1243 tridente,

236 1279 448 1368 impulsuque
464 1279 520 1344 illo
538 1301 608 1346 sese
622 1277 795 1344 ostendere
813 1276 948 1366 peralta
1223 1311 1273 1352 „70

236 1393 380 1482 AEquora
394 1393 544 1476 diversae,
562 1416 700 1484 quaeque
717 1394 841 1474 insula,
859 1393 995 1458 nomine
1010 1408 1123 1474 terrae,

234 1506 398 1591 Sardinia,
413 1509 555 1592 Euboea,
571 1525 603 1573 et
616 1508 768 1590 Salamis,
785 1501 985 1596 ientosaque
998 1510 1137 1596 Cyprus.

236 1623 445 1712 Obstupuere
466 1646 553 1690 novo
577 1639 676 1688 cantu
691 1623 734 1689 de
753 1623 836 1690 colle
853 1622 968 1688 nivoso
1007 1647 1012 1658 ·

236 1739 384 1820 Sirenes,
399 1738 559 1828 victaeque
575 1753 701 1819 tacent,
718 1755 752 1803 et
766 1738 910 1802 carmine
927 1753 1060 1820 nostr03

236 1853 277 1917 Et
293 1852 410 1940 chelyn
421 1883 434 1934 ,·
452 1867 485 1915 et
501 1851 675 1933 citharam,
690 1851 828 1940 suspiria
843 1867 976 1940 pectore
995 1852 1036 1917 ab
1055 1853 1122 1917 imo
1221 1865 1271 1916 ¹²⁷⁵

236 1968 423 2049 Ducentos,
441 1966 546 2046 jecere
565 1989 682 2048 manu,
704 1989 923 2055 supremaque
940 1968 995 2034 leti

235 2081 397 2169 Tempora
415 2079 519 2144 fatalis
535 2081 690 2163 veniunt,
709 2097 743 2145 et
759 2080 800 2146 ab
817 2081 923 2163 objice
939 2083 1006 2146 saxi

235 2193 419 2282 Praecipites
435 2215 505 2258 sese
523 2193 557 2256 in
575 2193 708 2281 pelagus
723 2193 839 2258 misere
854 2195 1078 2282 profundum3

233 2308 299 2374 Sed
314 2309 454 2374 formam
470 2309 504 2374 in
521 2323 647 2397 petras,
666 2330 888 2398 generosaque
904 2332 1040 2399 corpora
1056 2328 1197 2378 mutant.

279 2425 365 2515 Ergo
379 2425 436 2490 uhi
455 2442 489 2489 et
506 2424 570 2490 hoc
591 2424 687 2490 etiam
702 2446 802 2490 cursu
812 2423 879 2504 jam
894 2426 1037 2513 praeterit
1052 2429 1140 2516 Argo
1216 2451 1266 2489 12⁸0

235 2539 465 2629 Naufragium,
479 2541 628 2629 latosque
648 2539 739 2606 sinus
753 2540 835 2627 petit
846 2542 987 2628 aequoris
1005 2543 1079 2624 alti,

175 2667 178 2672 '
239 2656 374 2744 Jamque
393 2678 451 2745 per
469 2657 597 2742 optatos
616 2654 770 2743 producit
788 2655 917 2720 carbasa
932 2672 1064 2740 ventos,

235 2773 412 2859 Cercyreos
429 2769 570 2858 petimus
585 2785 719 2858 portus;
738 2791 775 2832 ea
791 2785 876 2834 tecta
896 2772 1047 2836 colebant

234 2883 382 2950 Artifices
400 2905 540 2972 operum
554 2882 677 2972 pelagi,
692 2881 877 2973 puppisque
898 2885 1047 2974 regendae

234 2998 404 3082 Phaeaces,
419 2997 540 3064 virtute
559 2997 658 3064 animi
679 2997 799 3086 quibus
817 2997 956 3085 inclytus
973 3000 1069 3066 heros
1218 3021 1268 3062 uss

233 3113 379 3201 imperat
393 3111 568 3194 Alcinous,
592 3131 707 3201 regum
720 3110 918 3192 justissimus
935 3136 1032 3179 unus.
1078 3113 1081 3120 '

233 3227 410 3293 Subductis
429 3227 521 3292 illinc
537 3227 579 3292 de
597 3227 693 3292 litore
713 3249 802 3292 sacra
819 3226 967 3292 ferebant

233 3343 400 3424 Funibus,
422 3340 624 3430 aetherioque
639 3341 730 3424 Jovi,
749 3355 783 3404 et
800 3341 875 3418 tibi,
899 3341 1055 3431 Delphice
1069 3345 1211 3429 Phoebe,

233 3457 346 3540 Quum
366 3457 477 3522 subito
494 3457 526 3519 in
547 3473 680 3546 portum
697 3453 794 3520 delati
811 3457 911 3522 classe
926 3457 1094 3526 vehuntur

234 3573 383 3663 Remigio
396 3571 499 3638 AEetaa
516 3573 600 3661 regis
617 3593 733 3636 manus
753 3571 816 3636 alta
831 3573 977 3638 virorum
1187 3557 1190 3566 ’
1218 3609 1269 3650 1290

235 3687 449 3770 Colchorum,
463 3687 693 3776 Errayonquc,
710 3685 950 3770 Charandama,
962 3689 1201 3782 Solymonque,
1274 3685 1281 3701 ⁸

235 3803 276 3866 Et
293 3801 422 3891 Minyas
438 3818 606 3889 quaerunt,
623 3800 762 3866 reddant
778 3801 840 3866 sibi
857 3802 976 3868 deinde
989 3806 1157 3874 serendam

234 3915 384 3982 Medeam
403 3917 501 4004 patris
516 3933 591 3980 ante
609 3916 736 3998 oculos,
752 3918 784 3980 in
799 3917 938 3984 Phaside
952 3923 1023 3986 caesi

237 4031 379 4095 Perierat
396 4048 433 4094 ut
449 4032 578 4096 meritas
599 4031 703 4096 fratris
724 4055 785 4120 pro
801 4036 959 4123 sanguine
977 4060 1097 4125 poenas.
