3006 4676
237 395 301 436 200
538 325 802 431 csmnrmn
835 369 1018 460 rssccr

282 500 462 567 AEsoniden
476 521 483 561 :
499 496 579 586 quid
592 521 627 561 se
642 513 772 562 externa
787 520 847 588 pro
862 499 987 589 virgine
1003 499 1129 564 clausos

285 591 443 699 osseas,
465 613 585 701 queve
602 614 655 676 ina
677 614 744 700 pas
762 612 948 678 dissemina
964 613 1080 702 cogas?

282 730 468 817 Respiceret
485 727 660 816 pluresque
677 728 818 809 animas,
845 726 1032 814 majoraque
1049 727 1113 790 fata

283 848 348 911 Tot
361 829 517 910 comitum
529 842 615 930 ,qui
630 865 698 906 non
715 843 824 925 furtis,
848 864 909 906 nec
927 865 1037 910 amore
1054 841 1196 907 nefando
1273 866 1313 919 ιφ

283 962 347 1025 Per
359 959 459 1041 freta,
476 956 534 1022 sed
548 957 615 1020 sola
631 979 701 1021 sese
714 957 833 1021 virtute
850 974 1038 1045 sequantur.

287 1076 337 1140 An
356 1097 433 1137 vero
441 1121 452 1153 ‚
469 1087 506 1136 ut
522 1071 671 1136 thalamis
687 1071 852 1160 raptisque
866 1070 1033 1162 indulgeat
1048 1095 1134 1136 unus

291 1187 483 1278 conjugiis?
497 1185 531 1250 id
547 1202 677 1274 tempus
691 1187 777 1249 enim
789 1187 796 1248 !
810 1201 858 1250 sat
870 1187 987 1250 vellera
1003 1187 1126 1268 Graiis,

286 1303 329 1366 Et
345 1324 440 1393 posse
459 1301 565 1367 oblata
580 1322 780 1388 componere
796 1300 920 1390 virgine
935 1301 1069 1366 bellum.

287 1418 463 1507 Quemque
481 1437 555 1482 suas
569 1416 654 1480 sinat
668 1415 715 1480 ire
731 1414 867 1497 domos,
885 1437 946 1480 nec
965 1417 1070 1481 Marte
1085 1433 1221 1482 cruento
1272 1441 1312 1492 ³9⁵

284 1533 450 1623 Europam
466 1549 563 1621 atque
579 1532 689 1596 Asiam
706 1532 810 1619 prima
825 1532 895 1596 haec
908 1532 1090 1598 committat
1104 1533 1253 1622 Erinnys.

284 1650 435 1738 Namque
449 1647 561 1712 datum
578 1647 642 1710 hoc
660 1637 752 1728 fatis,
768 1646 912 1734 trepidus
932 1649 1133 1737 supplexque
1154 1649 1291 1714 canebat

285 1765 439 1853 Mopsus,
463 1779 501 1826 ut
520 1763 553 1825 in
570 1783 659 1826 seros
673 1761 759 1824 irent
777 1762 878 1851 magis
898 1762 967 1851 ipsa
986 1780 1135 1850 nepotes,

287 1882 393 1967 Atque
409 1878 490 1943 alius
508 1878 614 1941 lueret
633 1892 698 1940 tarn
717 1874 787 1938 dira
803 1874 951 1942 incendia
967 1892 1087 1966 raptor.

274 2101 328 2162 387.
340 2097 530 2147 Clanarius.
547 2098 600 2144 cod.
617 2123 647 2134 -·
664 2096 718 2160 389.
733 2100 809 2145 Facta.
825 2099 915 2144 Bonon.
927 2096 981 2144 eod.
998 2123 1030 2132 -
1046 2098 1099 2159 390.
1120 2099 1170 2146 Non
1178 2099 1255 2160 seriis
1272 2116 1315 2146 nee

245 2196 315 2226 more.
332 2179 409 2226 Velio.
426 2181 517 2224 Bonon.
534 2177 605 2223 codd.
624 2179 714 2223 Bonon.
733 2176 752 2221 l.
769 2178 820 2224 Non
827 2177 899 2236 furiis
913 2193 956 2221 nee
970 2193 1054 2223 amore.
1066 2179 1156 2224 Bonum
1172 2179 1208 2232 ll,
1227 2188 1252 2226 et
1264 2180 1315 2226 elia

244 2268 299 2306 ants
317 2257 396 2304 lleins.
413 2283 444 2292 -
465 2255 519 2318 396.
540 2255 852 2302 commiseronem.
873 2257 1006 2302 commutet.
1024 2258 1115 2306 Boron.
1136 2258 1154 2304 l.
1173 2259 1238 2304 Junt.
1258 2258 1313 2308 ald.

245 2338 380 2384 committet.
391 2338 482 2382 Bonon.
492 2335 523 2382 ll.
535 2336 579 2381 lin.
822 2341 825 2348 ’

340 2438 348 2470 l

280 2532 340 2603 387.
363 2532 418 2586 Cur
436 2550 464 2584 se
484 2547 605 2593 externa,
628 2531 755 2595 barbara,
800 2531 1223 2598 cios,suass1'natiredomos,nec
1232 2539 1315 2587 Mane

240 2631 287 2681 pro
295 2613 396 2681 virgine
406 2615 503 2663 clausos
515 2614 630 2679 objiciat,
641 2611 757 2664 ohsidio-
800 2625 899 2664 omento
910 2617 1033 2681 Europam
1045 2627 1122 2681 atque
1134 2615 1222 2666 Asiam
1233 2617 1314 2682 pnina

216 2737 220 2747 ,
244 2691 273 2743 ni
286 2689 689 2761 exponatillespioiatpluresque
701 2694 755 2742 arri-
800 2693 854 2742 lcec
871 2693 1008 2743 committat
1023 2695 1143 2758 Erinnys,
1162 2690 1314 2757 dissidium,

242 2791 296 2823 mas
305 2771 451 2839 majoraque
455 2771 519 2840 sata
528 2773 692 2831 totcornitum,
700 2785 757 2824 non
800 2770 885 2823 furor.
897 2771 986 2843 Ipsam
992 2769 1117 2824 Medeam
1127 2773 1260 2844 Erynnios
1268 2792 1314 2826 no-

243 2851 323 2904 unius
332 2850 434 2916 Medea
443 2853 573 2910 rationem
586 2849 755 2916 hahendam,
800 2850 873 2902 mine
897 2849 1075 2903 condecorare
1098 2851 1209 2904 roluisse
1229 2853 1312 2924 Argo-

244 2931 277 2986 de
290 2931 344 2986 vita
357 2931 472 3002 plurium
490 2931 602 3004 cogitet,
615 2932 755 3006 quimnjo·
800 2942 909 2996 nautas,
931 2930 992 2982 satis
1018 2929 1154 2984 inficetum
1175 2929 1312 2999 videatur;

243 3011 316 3068 ribus
325 3012 404 3065 rebus
413 3011 533 3084 gerendis
544 3030 600 3065 sese
610 3009 756 3064 destinare·
799 3007 856 3061 fieri
869 3020 958 3061 tamen
969 3009 1070 3081 potuit,
1079 3021 1108 3062 ut
1119 3019 1202 3081 poeta
1217 3010 1312 3063 obver-

242 3091 309 3154 rint,
331 3091 378 3163 qui
401 3111 463 3144 eum
488 3091 595 3163 sequuti
622 3090 674 3142 sint
699 3109 754 3142 non
798 3088 1312 3158 sareturVirgil.AEn.11,573,ulsille·

243 3171 342 3224 amoris
362 3171 451 3223 furtivi
473 3169 638 3240 nefandique
660 3186 757 3234 eausa,
801 3164 861 3218 lens
872 3170 985 3234 Trojoees
995 3171 1085 3236 paor'oe
1095 3172 1229 3220 eornmunis
1244 3172 1314 3221 Erin-

243 3247 290 3302 setl
301 3260 332 3305 ut
346 3249 451 3302 virtutis
464 3265 517 3300 sute
533 3247 691 3301 documenta
708 3245 756 3299 da·
801 3264 847 3310 πμ
858 3243 966 3300 dicitur.

243 3340 312 3380 rent.
323 3325 502 3380 -Videatur
514 3324 549 3379 sd
565 3326 665 3380 calcem
676 3326 758 3397 hujus
837 3324 898 3394 397.
918 3331 1035 3395 Namque
1059 3332 1160 3390 ᾰαωηι,
1184 3327 1313 3382 constitu·

243 3407 304 3459 libri
316 3406 489 3476 notetio'ipo.
504 3407 557 3459 En.
803 3413 879 3471 tum,
893 3409 939 3458 hoc
948 3409 1013 3475 satis
1028 3413 1143 3476 Mopsus,
1155 3411 1261 3476 trepidus
1274 3417 1314 3460 ts-

281 3487 339 3553 392.
348 3491 390 3536 An
408 3505 483 3544 nero,
497 3499 524 3535 ut
539 3487 654 3538 natantis
667 3487 758 3552 raptis·
802 3501 863 3536 men
875 3499 898 3536 st
905 3491 1023 3555 supplex,
1035 3487 1170 3540 obtestans
1178 3487 1312 3552 iasonem,

243 3583 291 3632 que
311 3565 441 3631 indulgeat
458 3583 521 3615 unus
543 3565 688 3633 conjugiis?
705 3562 756 3618 hoc
801 3565 871 3617 nein
884 3567 1022 3637 proposito
1034 3567 1195 3639 persisteret,
1207 3567 1315 3618 mabar

242 3642 294 3696 sibi
310 3654 413 3704 sumat,
427 3654 458 3694 ut
479 3653 555 3715 rapta
576 3661 638 3695 cum
656 3642 756 3714 virgine
800 3643 960 3708 ratimnsns,
969 3661 997 3697 ut
1006 3649 1030 3697 in
1043 3667 1109 3700 seros
1122 3649 1156 3698 irs
1170 3649 1248 3715 magis
1258 3650 1313 3713 ipsa

242 3722 348 3794 nuptias
370 3720 500 3774 celebret?
517 3725 546 3774 s'd
564 3736 656 3790 tempus
674 3725 753 3783 enin,
799 3725 811 3791 (
819 3723 914 3777 melius
923 3726 984 3787 ista,
998 3727 1036 3777 uti
1049 3725 1235 3788 Bononiensis,
1245 3729 1313 3776 mala

243 3800 357 3855 scilicet!
372 3803 523 3853 sasallera
539 3803 633 3862 Graiis,
647 3812 757 3854 conten·
799 3807 911 3874 nempe)
926 3807 971 3872 (-
980 3805 1042 3857 Non
1056 3809 1138 3866 mala,
1157 3802 1204 3856 sed
1226 3795 1313 3855 incen-⁴

134 3935 145 3946 ,
243 3891 284 3932 tos
303 3897 358 3932 esse
376 3879 464 3932 ablato
482 3880 594 3946 vellere,
617 3891 756 3952 totumque
800 3884 853 3934 dia.
867 3881 930 3951 En.)
939 3882 1035 3938 sineret
1044 3899 1153 3952 repom,
1164 3897 1238 3951 atque
1249 3885 1314 3934 alius

242 3960 340 4012 bellum
353 3962 449 4025 oblata,
461 3957 564 4014 reddita
576 3963 676 4030 virgins
684 3979 756 4014 conr-
801 3965 877 4014 lueret
889 3976 939 4013 tam
949 3964 1006 4013 dira
1021 3965 1137 4015 ὑιεοηᾰὶα
1151 3975 1236 4032 raptor
1240 3983 1251 4022 ;
1265 3959 1313 4014 Ps-

242 4040 306 4111 poni
319 4056 406 4112 posse.
801 4041 852 4108 ris,
864 4039 912 4114 qni
925 4040 1011 4094 facem
1022 4042 1086 4097 belli
1097 4045 1232 4115 Europum
1244 4039 1313 4094 inter

279 4119 340 4190 395.
353 4124 485 4187 Quemque,
495 4129 521 4173 et
532 4121 672 4194 Absyrtum
682 4131 707 4174 et
717 4138 757 4174 so·
802 4131 828 4172 et
841 4121 928 4174 Asiam
943 4121 1045 4193 primns
1057 4123 1212 4176 incensurus
1225 4121 1266 4173 sit.
1277 4149 1313 4162 -·
