2994 4702
269 359 330 422 362
650 355 948 421 CATALOGUS

267 474 395 546 versum
415 481 455 544 ab
478 481 679 568 expeditione
702 480 867 561 Colchica,
884 480 1001 543 urbem
1019 479 1079 542 sibi
1100 479 1328 567 cognominem

268 586 468 668 condidisse3
486 586 575 674 quod
597 587 765 650 Strabonis
783 585 1003 650 testimonium
1021 584 1130 648 laudat
1146 586 1241 650 etiam
1260 588 1328 650 Eu-

267 693 363 757 stath.
376 693 417 756 ad
431 692 577 779 Dionysii
592 692 784 782 Periegesin,
798 715 844 756 vs.
855 691 929 772 806,
944 707 981 754 ut
993 691 1245 778 Schetpenaeelii
1256 691 1330 755 dili-

267 799 373 887 gentia
385 797 617 862 animadvertit.
630 799 838 886 Casauhonus
848 819 926 862 vero
940 819 979 861 ex
992 797 1168 861 Scholiaste
1180 799 1328 885 Apollon.

266 907 299 988 1,
317 904 416 986 1346,
427 903 576 968 observat
593 903 683 968 huuc
704 904 795 968 Cium
812 902 929 968 ducem
949 903 1149 968 Milesiorum
1165 904 1281 985 fuisse3
1296 919 1330 968 et

268 1009 353 1074 idern
365 1011 557 1088 Scholiastes
566 1007 671 1074 adlib.
681 1012 712 1090 I,
726 1008 808 1097 1175
817 1057 825 1081 ,
835 1011 950 1074 urbem
963 1005 1047 1074 hane
1058 1009 1218 1074 coloniam
1231 1009 1330 1072 fnisse

267 1115 467 1182 Milesiorum
489 1115 572 1180 duce
600 1115 655 1180 Cio
676 1130 801 1196 narrat,
817 1114 909 1200 cujus
927 1113 1075 1178 meminit
1091 1111 1215 1202 Scylax.
1232 1114 1330 1178 Plura

267 1220 308 1284 de
323 1223 386 1284 hoc
400 1243 466 1284 non
483 1221 658 1285 observavi.

310 1463 523 1532 CLIMENUS
543 1468 608 1532 sive
625 1467 863 1532 CLYMENUS.
883 1469 950 1566 soli
971 1467 1099 1532 Valerio
1117 1463 1230 1530 Flacco
1246 1468 1330 1530 cele·

268 1572 395 1655 bratus,
413 1574 468 1638 lib.
491 1575 524 1656 1,
539 1573 613 1661 369.
625 1573 740 1662 Neque
765 1575 841 1638 ceni
866 1575 920 1636 hic
941 1571 1062 1661 aliquid
1085 1569 1227 1660 reperio,
1242 1571 1332 1636 unde

267 1675 392 1742 efficere
414 1680 523 1758 liceat,
542 1681 614 1770 quis
635 1679 687 1743 ille
708 1679 816 1743 luerit.
840 1679 943 1743 Vocat
967 1679 1066 1742 Poeta
1093 1697 1169 1740 eum
1198 1677 1330 1740 fratrem

266 1783 382 1870 Iphicli
386 1833 395 1867 ,
412 1783 501 1872 quod
519 1785 706 1850 incertiores
723 1807 782 1849 nos
794 1785 885 1868 lacit,
898 1807 1000 1872 quum
1015 1784 1082 1847 duo
1092 1779 1205 1871 Iphicli
1210 1781 1332 1845 fuerint

266 1889 351 1954 inter
365 1893 585 1981 Argonautas5
599 1893 711 1956 sivero
727 1889 922 1980 intelligatur
934 1889 1071 1979 Iphiclus
1084 1888 1207 1953 Thestii
1226 1887 1331 1965 lilius,

265 1995 323 2068 ille¹
333 1999 430 2060 frater
442 1997 571 2061 Althaeae
577 2047 586 2077 ,
601 1996 776 2086 Clymenus
787 2019 864 2060 vero
880 1995 976 2060 Penei
994 1991 1087 2058 filius
1099 1995 1139 2058 Et
1157 1995 1198 2056 ita
1216 1993 1332 2058 luisset

265 2101 405 2189 Iphiclus
422 2105 567 2192 Clymeni
584 2103 778 2184 avunculus,
793 2103 817 2165 si
831 2125 868 2165 ex
882 2101 1003 2166 Althaea
1018 2117 1112 2164 natus
1128 2100 1190 2162 fuit
1205 2099 1333 2187 Clyme-

265 2225 341 2288 nus,
355 2207 428 2294 quia
449 2225 481 2271 et
502 2208 621 2272 Althaea
639 2209 699 2272 luit
714 2203 1205 2293 liliaThestii3videApollodor.
1224 2205 1278 2268 lib.
1298 2205 1333 2286 l,

266 2306 334 2400 cap.
356 2309 463 2400 8,qui
484 2329 516 2376 et
534 2313 587 2377 lib.
605 2315 652 2391 ll,
669 2337 738 2402 cap.
756 2318 821 2395 A,§
842 2329 1004 2394 11‚vocat
1020 2309 1204 2398 Minyarum
1222 2331 1332 2398 regens

268 2417 469 2505 Clymenum,
487 2443 582 2508 quem
601 2417 710 2508 auriga
728 2417 871 2484 Monoeci
884 2417 1027 2482 Perieres
1047 2415 1159 2505 lapidis
1176 2415 1244 2480 ictu
1260 2417 1332 2478 vul·

268 2525 408 2605 necavit3
420 2541 544 2612 patrem
564 2526 659 2588 etiam
679 2524 791 2613 Ergini
810 2523 908 2587 fuisse
925 2519 1028 2603 addit3
1043 2537 1119 2584 sunt
1136 2521 1330 2607 tamen‚qui

265 2630 297 2691 in
320 2627 433 2692 Valerii
458 2631 529 2694 loco
551 2633 677 2721 legant,
703 2627 896 2716 Clytiumet
918 2627 1072 2715 Iphitum,
1089 2625 1130 2690 de
1151 2625 1270 2714 quihus
1295 2625 1330 2688 in

265 2735 325 2798 illis
358 2737 549 2824 Argonautis
578 2735 727 2800 vidimus.
761 2733 860 2798 Addit
889 2731 1121 2821 Apollodorus,
1148 2729 1330 2817 Clymenum

265 2842 484 2922 vulneratum,
497 2841 594 2906 fuisse
611 2859 774 2930 portatum
787 2839 820 2901 in
835 2839 948 2901 urbem
967 2835 1196 2901 Orchomenon
1210 2859 1217 2900 :
1231 2859 1331 2925 quare

266 2947 348 3010 forte
364 2947 448 3012 idem
468 2969 536 3012 esse
553 2949 678 3036 potuit,
694 2945 749 3034 qui
770 2943 854 3007 lilius
871 2943 1070 3007 Orchomeni
1089 2939 1238 3006 dicituro
1258 2941 1330 3005 Ste-

266 3053 374 3140 phano
393 3055 426 3118 in
445 3057 595 3128 Ισπλήδων,
607 3054 699 3133 cujus
716 3067 780 3114 tres
800 3065 891 3112 erant
908 3045 981 3130 filii,
1078 3133 1080 3138 Ι

386 3243 544 3314 Aeschilus,
561 3249 683 3318 Allspnc'r
695 3265 722 3297 re
733 3287 739 3308 ,
750 3245 793 3298 soti
804 3238 942 3315 Apollonos
956 3241 1073 3304 martine.

266 3469 337 3534 vid.
350 3469 497 3534 Eustath.
510 3465 550 3532 ad
563 3465 699 3530 Homer:
709 3461 797 3528 lliad.
811 3463 857 3544 ΙΙ,
869 3461 907 3526 51
918 3485 943 3526 r.
954 3459 1145 3524 Scholiastes
1152 3479 1228 3520 vero
1239 3459 1331 3544 Apol·

265 3578 332 3640 lon.
347 3576 401 3639 lib.
417 3577 448 3656 1,
464 3573 535 3655 185,
545 3559 637 3653 dicit,
648 3587 772 3658 patrem
786 3569 894 3658 Ergini
908 3565 1105 3653 Clymenaea,
1116 3563 1214 3627 luisse
1227 3561 1327 3626 lilium

268 3681 456 3761 Presbonis‚
475 3696 508 3742 et
531 3679 662 3766 Buziges
689 3676 759 3740 filioe
781 3675 867 3763 Lyci.
894 3673 1038 3738 Presbon
1055 3694 1132 3735 vero
1159 3669 1221 3731 fuit
1245 3666 1329 3731 filius
1461 3685 1462 3688 ’

267 3787 385 3875 Minyae
410 3805 442 3849 et
469 3784 763 3872 Clytodorae‚teste
787 3779 902 3845 eodem
926 3778 1101 3842 Scholiaste
1125 3773 1165 3838 od
1182 3795 1227 3837 vs.
1254 3771 1328 3836 230.

161 3959 166 3968 ,
268 3897 391 3957 Auctor
400 3915 474 3956 vero
489 3893 595 3979 Etym.
616 3889 660 3953 M.
679 3889 757 3952 dicit
773 3887 968 3951 Preehonem
985 3884 1086 3947 luisse
1101 3897 1225 3970 patrem
1238 3879 1328 3966 Sple-
1461 3889 1462 3928 t

268 3999 378 4079 donis,
391 3999 457 4062 sive
472 3995 677 4083 Aspledonis,
692 4015 825 4057 [emnem
841 3993 870 4054 ei
888 3990 987 4053 luisse
1001 3989 1155 4076 Steropen
1168 4009 1177 4066 ;
1192 3984 1247 4048 sed
1260 3985 1329 4046 Ste-
1461 4063 1462 4066 Ἴ

268 4105 410 4190 phanum
427 4103 615 4190 Aspledonis
636 4117 667 4164 et
685 4099 780 4162 simul
800 4096 945 4184 Clymeni
962 4111 1083 4182 patrem
1099 4091 1326 4156 Archomennu
1461 4085 1462 4090 ’
