2958 4704
269 406 333 483 406
650 400 948 466 CATALOGUs

268 547 353 610 stro,
373 528 463 617 quod
486 529 539 592 vix
561 542 654 615 puto.
677 525 798 591 Seneca
821 545 955 612 qnoque
977 526 1010 587 in
1035 523 1165 604 Medea,
1184 547 1233 589 vs.
1256 524 1340 590 6³5:

380 673 388 706 ·'
458 659 535 712 Putre
546 660 669 730 Neptuno
681 658 798 728 genitum
812 658 931 722 necavit,

461 749 570 801 Sumere
580 748 734 798 innumerus
744 745 851 798 solitum
863 746 968 816 ligures.

267 873 348 937 Vide
366 875 398 936 in
419 872 535 950 Neleo,
561 872 618 958 qui
639 871 784 958 Neptuni
801 869 885 934 lilius
904 873 1096 935 censebatur
1112 897 1129 935 a
1149 871 1283 954 multis,
1303 890 1341 937 ut

265 977 423 1059 vidimus,
435 995 467 1041 ct
480 978 558 1041 hinc
571 991 686 1040 auctor
699 976 906 1041 Neleidarum
920 977 1092 1066 Neptunus
1103 977 1255 1060 hahitus;
1271 977 1339 1043 vid.

265 1086 372 1150 Schol.
391 1083 539 1160 Pindari,
556 1083 651 1172 Pyth.
668 1084 712 1148 IV
715 1133 724 1164 ,
745 1083 826 1170 309,
846 1101 877 1146 et
891 1082 986 1147 Ovid.
1002 1083 1081 1148 Met.
1094 1085 1179 1162 ΧΗ,
1200 1085 1270 1150 556
1280 1109 1291 1168 ς
1308 1101 1341 1149 et

265 1179 352 1258 recte
372 1215 468 1255 avum
491 1191 700 1277 Penrlymettt'
723 1190 913 1278 Neptunum
937 1190 1011 1253 lacit
1029 1190 1175 1272 Tectum,
1196 1190 1339 1254 Chiliad.

266 1300 313 1379 ll,
328 1297 381 1379 45,
399 1314 431 1361 et
444 1297 636 1377 Scholiastes
652 1295 797 1376 Pindari,
811 1296 886 1359 licet
899 1295 1057 1360 Pindarus
1071 1280 1147 1359 eum
1160 1292 1339 1387 Euphcmo

266 1406 466 1492 conjungens
482 1403 630 1490 rideatur
641 1402 786 1489 Neptuni
801 1399 904 1464 filium
917 1397 1100 1465 credidisse.
1111 1401 1160 1464 Ex
1173 1402 1238 1465 hoc
1250 1390 1342 1464 Pe'n'·

265 1511 406 1596 clymeno
425 1508 640 1573 descendebat
657 1506 870 1586 Melanthius,
892 1523 982 1596 pater
998 1505 1115 1587 Codri,
1136 1523 1173 1570 ut
1192 1491 1340 1571 osteridit

267 1618 448 1696 Meursius,
468 1614 509 1678 dc
525 1616 602 1701 Reg.
621 1614 739 1678 Athen.
758 1613 812 1678 lib.
831 1612 893 1694 111,
910 1635 978 1700 cap.
999 1635 1047 1676 to.
1066 1613 1240 1700 Neptunus
1257 1633 1339 1676 vero

265 1747 331 1812 proe
347 1722 469 1786 caeteris
487 1720 629 1786 Neleidis
650 1721 739 1784 hunc
758 1719 1006 1806 Pen'clymenum
1028 1717 1175 1783 dilexisse
1197 1718 1339 1796 dicim,

267 1847 299 1892 ct
313 1828 480 1892 decorasse
495 1825 646 1907 munere,
663 1842 700 1888 ut
716 1847 751 1888 se
767 1841 876 1912 posset
890 1841 1017 1888 vertere
1031 1827 1064 1888 in
1082 1825 1183 1890 varias
1201 1823 1339 1914 figuram

266 1933 357 2024 quod
369 1932 504 1998 Ovidius
518 1949 550 1996 et
566 1932 673 1995 Schol.
687 1923 836 2018 Apollon.
852 1933 870 1993 l.
889 1931 909 1993 l.
927 1929 1066 2014 docent3
1083 1931 1115 1993 in
1133 1929 1220 1994 bello
1242 1951 1337 2010 vero,

267 2063 333 2128 quo
352 2056 442 2128 pater
456 2040 525 2119 ejus
542 2059 714 2127 oppressus
731 2036 792 2101 fuir
807 2037 851 2100 ab
869 2037 1021 2117 Hercule,
1039 2059 1142 2125 quum
1160 2059 1194 2100 se
1210 2038 1244 2099 in
1261 2059 1338 2099 tnu-

267 2167 352 2210 scam
370 2144 598 2223 convertisset,
616 2145 701 2208 clara
715 2142 777 2205 fuit
790 2144 926 2223 occisus,
938 2139 1119 2206 secundum
1134 2143 1337 2206 Scholiasten

267 2251 401 2314 dictum.
419 2249 553 2314 Ovidius
569 2271 647 2312 vero
664 2248 923 2336 verisimilius(r)
934 2250 966 2311 in
983 2249 1124 2336 aquilam
1140 2269 1337 2313 conversum

269 2356 391 2445 sagittis
404 2355 445 2418 ab
459 2355 597 2418 Hercule
613 2357 799 2418 conlectum
819 2352 924 2418 tradit.
942 2353 991 2418 Ad
1007 2355 1075 2418 illas
1091 2354 1338 2442 Metamorpho-

269 2485 318 2524 ses
335 2461 466 2548 respicit
482 2460 617 2522 Severus
635 2459 777 2547 sophista
794 2460 826 2523 in
845 2461 1001 2548 excerptis
1016 2459 1184 2524 rhetorum
1198 2459 1336 2537 Allott't',

270 2591 341 2656 pag.
356 2566 430 2630 231.

316 2739 558 2818 PHALERUS,
577 2737 709 2802 Alconis
729 2737 828 2820 lilius,
850 2739 1070 2819 Atheniensis,
1093 2740 1246 2802 omnibus
1269 2762 1338 2804 rne-

273 2859 434 2924 moratus3
453 2844 603 2930 Apollon.
620 2845 652 2924 l,
669 2845 731 2928 963
750 2843 901 2932 Orpheo,
925 2849 1004 2927 1423
1019 2844 1147 2924 Valerio
1163 2844 1294 2926 Flacco,
1311 2846 1337 2925 l,

274 2951 346 3038 398.
364 2951 470 3016 Alcon
492 2974 508 3012 a
536 2951 711 3014 Scholiaste
729 2950 895 3038 Apollonii
917 2949 1036 3017 dicitur
1057 2950 1141 3018 iilius
1164 2950 1338 3014 Erechthei

273 3058 354 3145 regis
373 3057 641 3135 Atheniensium,
660 3056 747 3120 unde
764 3058 893 3120 Actoens
912 3055 1069 3120 Pholerus
1091 3073 1225 3121 vocatur
1242 3079 1260 3120 a
1276 3055 1338 3120 Va-

272 3162 370 3242 lerio,
389 3161 507 3243 lith,
528 3185 602 3248 217.
616 3164 711 3225 Hunc
723 3161 878 3224 Alconem
889 3161 973 3224 forte
983 3164 1158 3250 respexerit
1170 3162 1338 3250 Virgilius,

274 3269 339 3332 Ecl.
353 3269 397 3331 V:

414 3383 467 3432 Aut
481 3381 586 3434 Alconis
600 3379 679 3432 habes
691 3379 794 3446 lauder,
809 3391 853 3432 eut
862 3381 951 3452 jurgia
965 3378 1054 3432 Codri.

274 3521 311 3590 lo
330 3543 397 3605 quo
411 3519 625 3583 verisimiliter
638 3520 715 3583 latet
732 3520 864 3607 aliquod
874 3523 1039 3609 egregium
1052 3521 1183 3584 Alconis
1196 3522 1337 3602 facinus,

310 3717 348 3780 (ι)
367 3712 544 3765 verisimilius
565 3713 670 3785 inquis!
696 3733 750 3768 non
768 3715 878 3778 abnuo;
902 3713 947 3768 sed
967 3716 1057 3768 faciles
1076 3715 1220 3787 explicatus
1240 3713 1340 3769 habere

276 3814 370 3854 neutra
389 3801 528 3853 conversio
546 3801 612 3852 mihi
629 3801 748 3865 videtum
767 3816 878 3875 utraque
897 3803 994 3876 pariter
1012 3803 1095 3858 menti
1112 3815 1257 3874 repugnat:
1278 3814 1304 3856 et
1317 3805 1340 3855 ti

276 3889 338 3944 talia
358 3908 405 3942 nos
422 3890 449 3940 in
466 3887 584 3941 medium
596 3889 753 3946 affirmanda
765 3893 979 3964 protulissemus,
991 3911 1071 3963 quant
1087 3909 1230 3957 vereorne,
1240 3901 1269 3943 ut
1278 3909 1337 3963 sup.

278 3997 303 4050 p.
318 3979 377 4050 377,
389 3977 590 4042 exclamaveris,
596 3983 682 4048 fatale
693 3998 749 4033 esse
760 3983 840 4033 Gallis
850 3984 974 4032 hominum
988 4001 1093 4049 corporo
1108 3984 1132 4032 in
1147 3999 1203 4032 ares
1219 3981 1338 4048 transfor·

278 4089 364 4130 mare,
386 4068 436 4121 nisi
453 4068 521 4120 sorte
534 4085 581 4137 pro
596 4068 669 4121 varin
683 4069 801 4140 gentium
819 4068 908 4122 indole
924 4069 1021 4122 varim
1034 4077 1090 4122 esse
1103 4069 1156 4122 veri
1171 4069 1340 4140 speeiemant

276 4155 357 4211 fldem
371 4157 418 4210 tihi
428 4155 548 4230 judicare
561 4157 681 4212 libuerit!
693 4157 741 4212 Eo.
