3006 4676
409 397 938 510 'areoueurrcomma
962 427 1026 492 rx.
1123 405 1140 464 '·
1194 429 1256 509 243

230 553 371 621 Pulchra
388 553 512 645 pedum
526 557 675 644 quatiens
691 556 852 644 sequitur,
867 555 919 620 cui
939 553 1076 622 eandida
1091 558 1256 643 membra,

229 669 373 736 Candida
390 672 541 736 formose
553 671 673 760 pariter
688 686 767 736 sunt
780 671 927 736 membra
942 673 1057 737 sorori.

271 785 347 851 Nox
361 784 429 849 ruit
444 807 583 868 oceano,
608 784 727 875 Minyae
744 807 848 873 quum
866 787 982 850 caerula
1003 785 1097 851 dorsa

229 899 432 965 Praetereunt
451 900 548 965 maris
567 901 718 990 angusti,
736 899 816 987 dum
833 923 947 966 rursus
963 899 1005 966 ab
1023 902 1090 968 alto

230 1012 370 1079 Illucens
386 1015 512 1078 Aurora
531 1014 609 1104 polo
629 1014 805 1081 comitatur
820 1031 945 1081 euntes.
1218 1037 1257 1078 ⁵0⁵

271 1129 331 1193 Est
342 1130 428 1194 ultra
443 1128 576 1194 lonium
598 1130 731 1219 pelagus
747 1129 899 1194 foecunda
917 1129 1139 1220 frequensque

103 1303 109 1314 ,
229 1242 358 1326 Insula,
379 1243 438 1309 ubi
453 1242 555 1309 nimio
570 1243 745 1308 tumefacta
758 1245 916 1309 Ceraunia
934 1242 1037 1310 fluctu

230 1355 387 1422 Alludunt
404 1359 522 1438 maria,
539 1373 572 1422 et
587 1373 746 1423 terrarum
762 1359 798 1421 in
814 1359 935 1424 viscera
951 1359 1086 1425 latrant:

229 1472 290 1537 llic
308 1472 423 1537 falcem
444 1493 611 1561 superesse
630 1473 752 1537 ferunt.
767 1473 850 1555 Vos,
867 1471 981 1551 dicite,
998 1475 1119 1552 Musae,

228 1585 303 1652 Non
321 1586 414 1652 decet
433 1587 580 1653 humano
597 1586 706 1652 divina
727 1586 856 1652 effarier
877 1610 944 1653 ore.
1090 1655 1091 1660 ,
1216 1613 1254 1654 ⁵10

228 1701 341 1767 Intulit
361 1700 422 1766 hac
440 1701 523 1791 patri
547 1701 705 1766 Saturnus
725 1700 860 1766 urlnera
880 1701 965 1767 laeso.

185 1799 186 1804 ἵ
227 1816 320 1882 Hane
336 1815 463 1880 Cereris
484 1815 610 1880 culmos
630 1813 831 1904 robustaque
854 1817 939 1880 farra
959 1820 1095 1883 secantis

227 1929 305 1994 Esse
327 1929 381 1994 alii
402 1943 603 2013 memorant3
619 1927 818 1994 habitaverat
830 1928 915 1995 hanc
930 1952 1064 2020 quoque
1079 1949 1198 1999 terram

227 2044 319 2108 Alma
334 2045 448 2126 Ceres,
466 2044 569 2132 spicas
587 2043 714 2108 Titania
728 2059 873 2109 monstra
893 2059 1057 2112 tumentes

227 2157 357 2223 Caedere
375 2157 455 2223 falce
476 2156 616 2241 doeens,
642 2158 723 2224 dum
739 2157 882 2223 Macrida
898 2158 1004 2250 diligit
1018 2160 1133 2252 ipsam.
1212 2181 1251 2222 εις

226 2271 368 2337 Nomina
383 2288 455 2338 tum
468 2273 634 2362 Drepanes
651 2271 786 2337 fuerunt
799 2273 1006 2341 celeberrima
1021 2299 1129 2342 more.

227 2384 397 2450 Phaeacum
421 2385 484 2450 fuit
500 2385 570 2450 haeo
588 2385 721 2451 nutrix:
740 2387 900 2475 prooessit
915 2389 1009 2478 origo
1127 2375 1134 2386 ⁸

225 2499 398 2566 Phaeacum
417 2500 578 2590 Nymphae
597 2524 617 2565 a
633 2522 771 2592 genere,
791 2517 825 2566 et
840 2503 1019 2570 celestibus
1035 2506 1112 2572 oria.

225 2615 284 2680 His
296 2631 410 2682 vexata
421 2616 511 2680 malis
530 2616 688 2706 pontique
702 2615 884 2700 laboribus,
899 2620 988 2708 Argo

225 2729 399 2796 Trinacriis
416 2745 543 2796 vastum
556 2729 591 2793 in
604 2731 737 2819 pelagus
751 2745 975 2818 penetraverat
990 2735 1087 2800 auris.
1211 2753 1251 2794 ει,
