3022 4678
236 374 296 440 188
528 373 564 438 C.
589 371 793 439 VALERII
825 373 1003 439 FLACCI

274 506 414 571 Idalium
432 505 522 570 furto
543 505 651 587 subit,
669 521 727 570 aut
747 505 864 570 dilecta
885 505 1046 594 Cythera:

274 622 339 686 Seu
362 643 467 710 quum
485 622 625 686 celestes
641 620 762 686 Alcidae
777 621 917 685 invisere
933 641 1061 684 mensas
1271 639 1310 679 2³0

274 737 344 800 Jam
358 752 467 817 vacat,
491 751 524 801 et
541 735 662 800 fessum
685 736 827 800 Iunonia
843 737 983 800 sustinet
1005 735 1107 799 Hebe.

273 847 404 914 Adsunt
420 849 591 915 unanimes
612 849 740 933 Venus,
756 851 972 938 hortatorque
993 849 1123 939 Cupido

275 964 415 1028 Suscitat
431 963 560 1032 affixam
578 965 705 1031 moestis
715 965 845 1032 AEetida
861 966 967 1049 ouris3

275 1079 348 1167 Ipsa
364 1101 438 1144 suas
454 1081 502 1144 illi
518 1100 633 1145 croceo
651 1083 837 1146 subtemine
852 1097 958 1146 vestes

274 1193 401 1277 Induit,
417 1194 485 1283 ipsa
500 1217 594 1260 suam
610 1196 775 1286 duplicem
789 1197 951 1286 Cytherea
964 1217 1119 1261 coronam
1270 1214 1307 1254 ³³⁵

275 1312 405 1394 Donat,
423 1328 456 1376 et
469 1333 596 1378 arsuras
612 1311 673 1378 alia
691 1335 767 1385 cum
786 1315 913 1404 virgine
934 1335 1089 1404 gemmas.
1130 1361 1131 1366 η
1171 1403 1173 1408 A

275 1427 361 1489 Tum
383 1447 488 1492 novus
504 1428 651 1516 implerit
665 1430 774 1494 tultus
789 1430 908 1512 honor,
925 1451 962 1494 ac
976 1451 1035 1494 sua
1050 1427 1138 1494 flavis

196 1625 197 1630 ἵ
275 1541 411 1606 Reddita
428 1565 506 1607 cura
529 1545 646 1626 comis,
668 1544 882 1634 graditurque
903 1543 1004 1608 oblita
1022 1544 1207 1608 malorum:

274 1656 327 1722 Sic
342 1657 401 1720 uhi
414 1656 611 1746 Mygdonios
625 1657 774 1746 planctus
790 1679 881 1722 sacer
896 1657 1001 1722 abluit
1015 1658 1130 1740 Almo,
1182 1697 1186 1706 ,

275 1773 426 1860 Laetaque
440 1771 506 1851 jam
522 1772 660 1860 Cybele,
679 1775 833 1862 festosque
846 1795 907 1861 per
927 1771 1048 1862 oppida
1068 1772 1178 1854 taedae3
1270 1793 1307 1836 uo

231 2087 359 2158 quoniam
373 2087 411 2140 ibi
421 2087 499 2158 genio
512 2085 685 2159 indulgebat,
699 2090 745 2153 Os·
791 2099 832 2140 tas
843 2104 890 2158 per
905 2097 987 2140 totam
1003 2087 1098 2140 faeiem
1111 2086 1306 2158 effulsit3flavr's

232 2169 314 2228 mera,
323 2167 437 2219 insulam
448 2167 531 2220 Crete
542 2166 673 2228 vicinam,
686 2184 747 2238 quae
790 2169 887 2218 reddita
902 2187 963 2218 cura
980 2170 1070 2231 comis,
1088 2186 1144 2220 uon
1163 2169 1262 2239 passis,
1278 2179 1308 2221 ut

153 2284 156 2290 ,
232 2243 291 2296 loca
300 2245 399 2299 Veneri
412 2244 493 2298 luisse
502 2245 646 2309 ποταμοὶ
654 2244 747 2297 tironi·
791 2260 883 2314 antea,
896 2246 998 2319 capillis
1017 2246 1134 2314 incessit,
1148 2245 1196 2301 sed
1213 2248 1241 2300 in
1259 2267 1308 2301 no-

232 2323 283 2376 but
295 2337 389 2377 notum
402 2336 449 2378 est.
462 2353 498 2364 -
509 2324 581 2377 Vide
595 2323 630 2378 ad
648 2323 747 2378 calcem
791 2327 855 2380 dum
867 2327 991 2381 collectus
999 2327 1110 2399 compsit
1119 2367 1127 2394 ,
1135 2331 1307 2396 gradiarque,

233 2403 313 2476 hujus
327 2404 389 2456 libri
403 2415 460 2457 not.
475 2406 534 2458 118.
549 2405 604 2458 En.
791 2425 850 2478 que
869 2417 961 2460 moesta
980 2407 1099 2470 sederat,
1110 2425 1134 2459 v.
1156 2413 1219 2474 104,
1232 2409 1307 2460 oblita

268 2485 328 2538 230.
343 2485 395 2538 Seu
416 2503 499 2556 quum
519 2487 619 2538 Herculi
635 2485 746 2537 celesti·
791 2491 922 2538 malonem.

233 2566 282 2615 bus
302 2563 385 2635 epulis
407 2563 499 2617 adesse
518 2564 573 2632 jam
591 2579 747 2618 concessum
827 2567 887 2636 139.
897 2571 936 2619 Sic
948 2570 988 2618 ubi
996 2571 1162 2637 Mygdonios,
1175 2566 1307 2640 Phrygios

232 2654 270 2694 est
280 2681 287 2707 ,
298 2655 324 2695 et
327 2645 425 2713 sessum
435 2655 475 2696 tot
483 2644 618 2697 laboribus
628 2645 746 2698 exantla-
789 2645 818 2699 in
830 2647 962 2701 honorem
974 2647 1087 2719 Cybeles
1096 2687 1104 2712 ,
1114 2647 1191 2700 Iden
1202 2647 1307 2713 matria,

232 2723 265 2775 tis
276 2727 398 2786 Iunonia,
412 2724 525 2777 lunonis
538 2723 611 2790 filia,
626 2723 746 2778 Herculis
790 2727 923 2782 institutos
935 2765 943 2792 ,
953 2732 1068 2796 plancus
1086 2745 1159 2779 sacer
1173 2731 1250 2780 abluit
1262 2731 1308 2780 Al·

232 2808 328 2878 conjux
341 2809 406 2857 Hebe
419 2807 534 2868 sustinet,
549 2806 636 2873 fovet,
647 2807 745 2878 ample·
790 2827 843 2868 mo,
854 2819 928 2860 sexto
941 2807 1012 2860 enim
1022 2805 1078 2871 die,
1090 2805 1133 2860 cui
1143 2824 1240 2860 nomen
1252 2817 1308 2860 erat

232 2896 317 2938 antur.
327 2883 404 2939 cont.
419 2885 445 2948 1,
460 2885 520 2950 348.
792 2885 956 2950 Lavationia‚
971 2885 998 2937 11
1007 2885 1061 2938 kal.
1070 2885 1166 2957 apriles
1175 2926 1183 2953 ,
1193 2896 1306 2939 statuam

268 2966 327 3018 131.
338 2969 439 3018 Adsunt
447 2964 487 3019 his
497 2963 598 3018 Jasonis
608 2974 635 3018 et
644 2965 745 3018 Medae
790 2961 846 3018 deas
861 2965 889 3018 in
908 2982 990 3036 parto
1010 2983 1087 3017 amne
1105 2965 1218 3018 Almone
1236 2967 1305 3019 lava-

230 3044 329 3117 nuptiis
339 3047 468 3096 unanimes
484 3049 746 3112 Venus‚hortatorque
788 3043 861 3096 bant.
884 3043 963 3098 Coni.
985 3043 1064 3097 Ovid.
1086 3043 1157 3097 Fast.
1176 3043 1225 3110 IV,
1244 3035 1305 3116 33j.

231 3126 321 3192 (tepido
335 3126 452 3186 suscitat,
468 3125 557 3196 erigit,
570 3123 639 3178 hene
657 3142 745 3197 spera·
789 3121 942 3196 Christoph.
954 3123 1045 3178 Saxiue
1055 3121 1083 3174 iu
1093 3123 1158 3176 actis
1169 3122 1305 3194 litlihen.

230 3222 259 3256 re
271 3205 359 3278 jubet,
371 3206 493 3275 affiaemm
509 3203 588 3256 nimis
603 3204 744 3268 intentam,
791 3201 843 3254 vol.
860 3203 912 3265 111,
929 3223 959 3276 p.
977 3209 1024 3274 74,
1041 3221 1071 3256 ex
1082 3201 1306 3276 Inscriptionibus

231 3287 322 3334 incestis
340 3286 404 3334 curis
422 3281 554 3334 Medeam.
577 3313 613 3322 -
623 3281 693 3335 Vide
710 3280 745 3335 ad
791 3281 870 3334 etiam
881 3283 958 3336 aslert
968 3281 1074 3336 sodales
1082 3281 1251 3336 balneatores
1258 3281 1307 3356 Cy·

230 3361 329 3415 calcem
343 3361 404 3433 huj.
415 3359 475 3414 libri
488 3371 543 3414 not.
558 3362 616 3414 131.
631 3359 683 3414 En.
789 3359 887 3415 heleos.
903 3393 938 3402 -
952 3369 1070 3427 Loetaque
1077 3363 1133 3430 jam
1150 3365 1248 3427 (phele,
1271 3380 1307 3415 an

266 3441 328 3504 134.
351 3446 412 3509 Ipsa
430 3442 523 3493 Venus
550 3459 608 3491 suas
635 3443 672 3494 illi
693 3461 746 3492 cm-
790 3441 914 3514 expiata?
930 3440 1071 3514 Megalesia
1085 3440 1172 3512 primo
1182 3441 1306 3514 lugubri,

230 3537 378 3591 ceo,quem
387 3519 504 3574 colorem
513 3519 541 3572 in
551 3519 668 3574 restibus
677 3539 746 3573 ama·
790 3511 887 3574 deiude
905 3521 997 3574 lestivo
1015 3521 1069 3573 ritu
1089 3521 1304 3574 celebrabantur:

229 3603 294 3654 bant
306 3599 377 3673 (ipsi
393 3599 485 3653 Jasoui
500 3597 644 3667 Pindarus,
663 3599 743 3672 Pyth.
789 3601 853 3654 inde
864 3607 923 3654 loeta
934 3601 1048 3672 Cybele,
1059 3603 1167 3670 etsestoe
1179 3599 1306 3655 dicuntur

228 3681 277 3746 IV,
289 3683 386 3754 spinter
400 3674 459 3754 εἷμα
471 3677 571 3733 tribuit.
580 3679 644 3733 vid.
658 3679 744 3733 omni·
789 3679 872 3732 taedre.
884 3681 936 3734 Eu.

227 3780 264 3813 no
276 3760 464 3831 spanhemium
480 3757 515 3812 ad
529 3757 743 3824 Callimachum,
826 3765 885 3822 ²40·
893 3763 1035 3829 Toedoeqm,
1050 3759 1172 3814 homines
1182 3758 1256 3812 tedis
1266 3758 1306 3812 iu-

228 3859 260 3912 p„
275 3837 324 3892 132
343 3857 383 3912 sq.
398 3839 444 3892 uhi
458 3857 507 3893 nec
519 3838 642 3892 Valerius
655 3837 742 3910 negle·
787 3838 880 3891 structi
890 3840 996 3908 ,sestoe,
1008 3860 1056 3907 per
1070 3842 1177 3909 oppida,
1189 3858 1244 3891 non
1257 3839 1306 3890 Ro·

227 3921 317 3990 ctus),
336 3921 469 3971 subtemine
488 3920 499 3988 (
508 3919 580 3973 coni.
600 3919 650 3982 VI,
672 3921 741 3989 117)
786 3935 835 3971 mre
848 3917 952 3985 solum,
967 3917 1013 3971 sed
1023 3937 1071 3992 per
1085 3917 1305 3972 omnescircum-

228 4013 309 4051 austes
322 4001 409 4052 induti.
784 4002 902 4072 jacentes
914 3998 1011 4062 urbes,
1025 3997 1194 4070 vagabantur
1210 3998 1305 4068 stipem

264 4079 323 4145 ²35*-
349 4083 408 4130 mm
435 4099 510 4131 trovus
529 4081 634 4147 implevit
656 4083 740 4130 uultus
785 4069 1306 4152 emendicamus(Marpeytpm).vid.in

227 4158 361 4230 (vultum)
373 4163 463 4221 honor,
485 4159 626 4223 serenitas,
648 4157 740 4212 hilari·
784 4158 878 4231 primis
888 4157 1037 4213 Lucianum
1046 4156 1080 4212 de
1091 4157 1141 4212 dea
1152 4155 1235 4230 Syria.
