2994 4702
283 391 344 474 392
600 370 619 436 .'
662 389 961 453 carauoeus

279 512 521 600 ignobiliorem,
541 527 738 574 recenseant.
756 512 844 575 Nihil
861 528 1012 599 praeterea
1033 513 1073 576 de
1090 513 1354 598 hooLaoeoonte

281 618 360 682 mihi
378 632 579 704 compertum
594 632 651 678 est.

307 842 493 922 bulbus,
514 855 616 924 Λήϊτος,
643 843 796 906 Alectoris
820 842 920 925 lilius,
946 846 1108 932 reperitur
1129 846 1162 907 in
1188 846 1349 931 Catalogo

280 945 480 1034 Apollodori.
497 937 628 1035 Legitur
644 946 795 1034 quidem,
807 947 887 1011 Leiti
901 946 984 1012 filius
1001 948 1157 1029 Peuekus,
1173 951 1259 1013 inter
1270 971 1350 1036 pro-

280 1075 341 1116 eos¹
353 1053 482 1115 Helenae
502 1053 648 1141 Apollod.
667 1054 716 1134 ll,
740 1076 809 1141 cap.
829 1078 869 1139 9,
898 1065 913 1131 ς
933 1056 971 1135 8,
994 1055 1051 1118 ubi
1077 1055 1167 1136 tide3
1193 1053 1250 1118 sed
1276 1055 1349 1118 sine
1375 1065 1377 1068 ’

280 1157 381 1221 dubio
399 1157 594 1222 mendosum
613 1156 647 1222 id
661 1160 695 1221 in
713 1159 777 1222 hoc
794 1162 998 1249 Argonauta,
1020 1176 1052 1223 et
1069 1182 1171 1247 quum
1188 1159 1349 1223 Alectoris
1458 1215 1459 1242 ἶ

280 1261 379 1326 lilium
398 1263 491 1325 faciat
507 1263 609 1351 Iphyn
622 1263 809 1347 Pausanias,
828 1265 973 1329 Corinth.
991 1264 1045 1327 lib.
1061 1265 1110 1346 Il,
1127 1287 1195 1352 cap.
1217 1263 1273 1344 18,
1293 1263 1348 1326 ille
1458 1345 1459 1354 ἵ

279 1372 363 1432 forte
380 1368 585 1457 reponendus
600 1386 693 1434 esset.
708 1371 835 1434 Alector
848 1393 924 1434 vero
938 1368 1022 1434 filius
1034 1373 1241 1460 Anaxagorae,
1255 1368 1349 1432 unde

257 1523 258 1527 ,
280 1473 510 1562 Anaxagoridae
525 1496 614 1561 reges
631 1474 737 1562 Argivi
753 1490 825 1560 post
842 1497 916 1537 eum
938 1473 1014 1537 dicti
1032 1474 1131 1537 fuere.

323 1695 569 1777 LEODOCUS,
594 1697 690 1759 frater
711 1697 795 1760 Areii
819 1713 852 1760 et
868 1697 973 1776 Talai,
994 1695 1077 1759 filius
1095 1698 1229 1772 biantis,
1249 1714 1285 1760 et
1302 1699 1346 1760 ita

280 1824 318 1863 ex
339 1799 534 1882 Cretheidis,
560 1817 757 1864 memoratur
778 1800 927 1888 Orpheo,
955 1800 1128 1888 Apollonio
1151 1817 1184 1864 et
1197 1800 1346 1881 Valerio;

280 1886 335 1970 sed
360 1907 490 1996 Hygino
511 1923 543 1969 et
559 1905 756 1994 Apollodoro
779 1907 971 1993 praeteritur.
1000 1907 1060 1970 Hic
1082 1889 1218 1974 stemma
1239 1929 1345 1994 quum

279 2034 455 2076 commune
473 2011 589 2074 babeat
604 2034 680 2075 cum
700 2013 797 2076 Areio
813 2027 846 2074 et
858 2012 974 2091 Talao,
990 2010 1029 2074 ad
1049 2033 1103 2074 eos
1119 2012 1271 2076 lectorem
1291 2033 1345 2075 re-

280 2119 461 2197 mittimus3
480 2116 658 2180 notandum
679 2116 778 2180 modo
798 2117 942 2205 Orphea,
961 2117 1197 2195 vs.146,eum
1216 2121 1345 2178 Διοδόιων

280 2221 410 2302 vocore,
425 2245 522 2309 quem
536 2221 727 2310 Apollonius
744 2227 871 2284 Aiulo'mr
888 2223 1034 2310 appellat.

323 2438 535 2518 LYNCEUS,
555 2439 693 2526 Apharei
711 2439 813 2514 lilius,
837 2440 902 2503 Idae
917 2441 1033 2522 frater,
1059 2442 1092 2503 in
1111 2463 1176 2526 quo
1194 2440 1343 2528 pluribus

279 2543 320 2606 de
336 2565 449 2605 eorum
464 2543 651 2630 parentibus
667 2560 792 2626 aetum,
818 2560 850 2607 et
870 2545 994 2634 origine
1016 2567 1054 2607 ex
1074 2543 1235 2625 Cretheo;
1261 2545 1344 2608 cele-

198 2646 207 2724 ]
279 2648 390 2711 bratus
409 2649 546 2711 maxime
562 2650 716 2712 acerrima
732 2649 904 2714 oculorum
920 2650 1004 2729 acie,
1030 2672 1092 2736 qua
1117 2665 1284 2737 penetrare
1309 2649 1342 2712 in

280 2755 347 2840 ipsa
365 2769 457 2818 terrae
472 2755 592 2818 viscera
609 2754 786 2836 dicebatur,
804 2777 901 2843 quam
919 2755 988 2834 ejus
1002 2753 1110 2818 dotem
1122 2754 1266 2818 Valerius
1282 2777 1343 2818 no·

281 2875 356 2940 ster,
374 2876 406 2922 et
423 2882 537 2923 omnes
554 2862 762 2950 Argonautici
781 2877 814 2924 et
830 2860 1041 2948 Mythologici
1055 2859 1226 2947 scriptores
1241 2861 1343 2923 extol·

280 2964 369 3046 lunt;
397 2964 486 3052 quod
502 2983 605 3053 poetae
619 2967 678 3054 ipsi
698 2967 841 3030 tribuere
857 2981 990 3053 propter
1007 2963 1149 3028 studium
1167 2965 1211 3028 rei
1229 2966 1342 3029 metal-

281 3069 347 3132 licae
363 3087 396 3134 et
413 3070 624 3151 naturalium,
650 3088 683 3134 et
704 3069 794 3158 quod
817 3070 850 3132 in
872 3069 1049 3132 visceribus
1066 3085 1158 3133 terroe
1176 3068 1343 3133 recondita

280 3174 550 3262 perscrutabatur.
568 3177 651 3239 Hinc
664 3175 817 3237 Romanae
831 3172 1011 3238 Academiae
1030 3173 1172 3255 sodales,
1186 3175 1294 3261 quales
1308 3175 1342 3236 in

280 3279 371 3343 ltalia
388 3279 548 3366 plurimae,
565 3301 599 3342 se
618 3280 758 3365 Lynceus
775 3277 945 3360 dixerunt,
964 3301 1003 3341 ex
1025 3301 1088 3365 qua
1115 3279 1342 3342 celeberrimus

285 3383 399 3446 Fabius
411 3381 575 3464 Coluuma,
594 3384 651 3471 qui
667 3407 734 3446 non
748 3383 890 3470 lynceus
902 3383 1088 3472 appellatus,
1100 3383 1175 3470 quia
1187 3383 1220 3446 in
1234 3405 1342 3447 rerum

282 3489 476 3553 naturalium
495 3489 728 3577 perquisitione
744 3489 947 3552 acutissimus
969 3505 1060 3570 erat,
1081 3489 1226 3575 quamvis
1248 3506 1282 3552 et
1303 3509 1342 3552 eo

281 3595 414 3658 nomine
429 3595 489 3658 bac
505 3595 717 3682 appellatione
734 3615 801 3657 non
818 3593 971 3682 indignus
988 3610 1085 3668 esset,
1103 3591 1160 3657 sed
1177 3594 1252 3681 quia
1264 3595 1344 3656 Am-

283 3699 395 3764 demiae
416 3701 609 3786 Lynceorum
631 3698 811 3786 adscriptus
834 3715 917 3778 erat,
937 3715 974 3762 ut
995 3721 1055 3762 nos
1076 3697 1170 3762 docet
1185 3697 1342 3762 Leonard.

281 3806 479 3871 Nicodemus
501 3807 534 3868 in
564 3803 672 3869 Addit.
696 3805 737 3869 ad
758 3805 875 3893 Toppii
898 3805 1048 3869 Biblioth.
1070 3803 1170 3892 Neap.
1193 3805 1228 3867 in
1244 3803 1343 3867 Fabio

284 3913 448 3977 Columna.
467 3911 611 3974 Placeius
628 3933 705 3975 vero
722 3909 762 3975 de
775 3911 1029 3999 Pseudonymis‚
1042 3933 1134 3974 num.
1153 3909 1253 3991 1430,
1270 3913 1342 3998 pag.

283 4041 336 4104 77,
354 4017 530 4080 Martinam
550 4017 711 4106 Fogalium
726 4018 892 4082 historiam
912 4017 1115 4104 Lynceorurn
1130 4015 1261 4096 jamjam
1278 4013 1344 4077 edi·

283 4141 411 4206 tumm,
440 4126 533 4190 nobis
562 4128 721 4192 nuntiarit
751 4148 862 4213 nuper.
892 4125 1032 4211 Lynceus
1059 4145 1135 4186 vero
1157 4127 1344 4210 Argonauta
