3006 4676
401 379 832 498 ARGONAUTICON,
863 415 954 480 mn.
978 412 1040 476 rx.
1199 401 1261 468 235

238 551 279 614 Et
295 548 394 614 tristis
416 547 531 612 Medea
546 549 661 614 simul:
682 549 887 614 sermonibus
905 547 994 611 horae
1225 549 1263 594 ¹⁴⁵
1353 613 1361 635 Ι

239 667 416 729 Ducuntur
432 664 548 746 rariis3
565 663 616 729 his
633 665 797 754 proxima,
812 663 875 728 filia
892 661 974 728 Solis

239 781 390 862 Nomen,
406 793 440 844 et
454 779 570 844 insano
585 780 720 845 tolerata
733 779 875 869 pericula
888 793 992 867 ponto

241 894 380 978 Quaerit,
399 909 432 958 et
445 893 534 959 haud
549 917 670 958 vanum
684 909 777 983 putat
792 893 936 958 evenisse
949 909 1121 978 soporem,

240 1009 282 1074 Et
299 1008 383 1098 nigri
399 1007 568 1072 simulacra
588 1006 640 1072 dei
654 1031 664 1090 ;
677 1007 767 1096 eupit
780 1008 852 1100 ipsa
866 1002 1029 1094 loquentis

241 1123 396 1212 Excipere
412 1123 554 1187 alternos
570 1122 708 1188 sonitus.
725 1121 824 1187 Micat
841 1123 936 1212 ignea
952 1139 1082 1184 versans
1226 1124 1265 1165 ²⁵⁰

241 1237 379 1302 Lumina
395 1235 558 1326 virgineus
574 1235 694 1326 pudor,
714 1256 922 1324 erroremque
939 1233 1068 1297 latetur.

241 1351 327 1416 Tum
343 1372 445 1440 genus
459 1373 477 1414 a
492 1349 616 1414 Phoebo
634 1350 701 1416 risa
718 1367 784 1432 est,
800 1348 1034 1436 manifestaque
1051 1344 1168 1434 proles.

243 1464 343 1554 Virgo
358 1464 454 1528 maris
468 1463 608 1528 narrarit
623 1464 694 1546 iter,
708 1463 820 1528 metita
836 1462 961 1527 labores

244 1579 427 1668 AEquoreos
441 1601 538 1644 sacrae
552 1579 690 1668 puppis,
708 1578 878 1666 variosque
895 1591 1038 1656 meatus,

243 1694 332 1758 Voce
346 1711 471 1782 patrem
488 1695 650 1776 referens,
662 1694 805 1757 formoso
822 1711 960 1780 corpore
973 1703 1128 1768 matrem,
1230 1697 1266 1738 ²⁵⁵

246 1809 450 1876 Barbaricum
466 1810 566 1874 veluti
582 1809 699 1898 parido
718 1826 841 1874 terrore
854 1823 1040 1898 parentem,

245 1925 396 2008 Insidias,
414 1926 594 2014 tacitosque
610 1924 702 1990 dolos
715 1925 864 1990 vitaverit
880 1938 973 1999 astu,

244 2042 360 2105 Juncta
375 2041 445 2106 viro
465 2063 565 2130 quem
581 2041 678 2130 stirps
696 2039 821 2105 extollit
836 2037 923 2128 regia
938 2036 1047 2103 Graio.

245 2149 374 2246 Absyrti
392 2178 459 2220 non
478 2179 554 2221 ausa
567 2172 674 2221 tamen
689 2152 831 2220 crudelia
848 2152 907 2217 fari

245 2273 401 2358 Vulnera,
418 2275 506 2340 etad
522 2297 625 2340 sacras
644 2291 781 2339 stratum
795 2270 970 2337 crudeliter
985 2289 1065 2332 aras.
1231 2276 1269 2315 ²⁶⁰

245 2389 318 2478 Ipsa
334 2405 441 2454 tamen
457 2389 560 2455 tacitis
579 2403 788 2479 praesenserat
805 2387 916 2452 omnia
934 2385 1026 2448 Circe

247 2505 333 2566 Dum
350 2503 468 2568 titubat
488 2505 603 2570 Medea
617 2505 721 2586 notis,
737 2519 770 2568 et
789 2500 926 2568 fluctuat
939 2523 997 2565 ore

247 2615 346 2705 Virgo
363 2616 564 2700 verecundo,
579 2618 659 2683 dum
675 2635 768 2682 terroe
786 2616 903 2705 quaerit
917 2614 1035 2679 hiatus.

252 2727 313 2792 Sed
333 2745 440 2793 tamen
457 2730 507 2797 his
525 2731 670 2819 nymphe
686 2728 792 2795 flentis
808 2729 957 2794 miserata
971 2727 1101 2792 dolores

249 2843 449 2931 Alloquitur:
465 2845 511 2909 sio
526 2845 614 2934 cogit
630 2867 732 2927 amor,
751 2845 797 2910 sic
813 2844 926 2909 incitat
941 2843 1010 2906 ira:
1234 2849 1273 2889 ²⁶⁵

291 2956 405 3021 «Proh
420 2958 570 3022 miseram
583 2959 590 3021 l
608 2959 665 3047 qui
683 2958 787 3047 turpis
804 2956 920 3022 amor?
932 2977 1006 3043 quae
1019 2951 1119 3016 tristis
1132 2948 1272 3034 Erinnys

249 3071 383 3160 Impulit
398 3071 432 3136 in
446 3071 571 3137 facinus
584 3089 712 3138 tantum
722 3073 737 3138 Ρ
749 3073 829 3163 quid
844 3070 975 3137 credula
986 3068 1077 3156 virgo

250 3185 390 3273 Sperasti
405 3187 504 3275 patris
521 3187 593 3252 irati
606 3189 677 3252 fore
697 3210 820 3253 numen
837 3183 1000 3250 inultum?

250 3299 344 3363 Certe
361 3299 482 3382 aderit,
499 3323 560 3366 nec
575 3303 671 3392 longa
688 3325 778 3368 mora
796 3317 860 3384 est,
878 3321 982 3389 quum
999 3311 1123 3385 sceptra
1143 3292 1274 3379 Pelasga

250 3411 380 3496 Diruet,
400 3437 438 3480 ac
460 3415 599 3505 pedibus
616 3417 751 3498 calcabit
765 3417 909 3484 adultera
931 3414 1028 3496 colla,
1236 3435 1273 3476 ην

251 3527 386 3594 Ulturus
404 3530 537 3620 natique
555 3553 684 3613 necem,
707 3551 862 3619 saeveque
877 3527 998 3594 sororis

255 3643 421 3727 Dedecus,
444 3663 477 3710 et
489 3645 611 3736 Phryxi
628 3645 791 3712 sublatum
807 3645 945 3736 turpiter
961 3663 1088 3707 aurum.

253 3755 340 3822 Cede
357 3781 432 3850 age,
450 3777 483 3825 et
497 3761 612 3834 infelix
627 3775 740 3826 nostro
754 3761 870 3849 procul
885 3757 966 3823 orbe
981 3757 1119 3835 facesse,

254 3875 408 3964 Argolicis
424 3874 575 3942 famulata
590 3877 686 3942 viris:
703 3891 757 3940 eat
767 3877 829 3940 iste
842 3889 1030 3964 protervus,

256 3991 363 4072 Quem
379 3987 438 4054 tibi
457 3991 610 4081 conjugio
627 3990 725 4080 patris
740 3989 809 4053 sine
825 3988 944 4053 loedere
958 3981 1093 4068 junxti».
1239 4005 1275 4055 27⁵

299 4103 351 4168 Sic
365 4103 424 4169 ait:
442 4105 510 4187 illa,
528 4107 614 4195 gravi
628 4103 822 4186 jamdudum
838 4123 991 4189 oppressa
1005 4100 1135 4178 dolore,
