2994 4702
230 338 295 404 320
453 379 455 383 ·
667 345 863 411 OllPHEl

316 458 429 557 Quum
439 473 619 565 jam‘igitur
628 492 744 566 portus
755 481 931 544 intrassent
941 495 1054 570 stagna
1067 479 1242 569 profundi,
1256 495 1307 546 12⁹⁵

269 589 399 653 Alcinoi
418 585 562 677 poscunt
576 613 743 679 praecones
759 595 839 659 atria
861 595 955 685 regis.

267 704 392 770 Medeae
408 727 515 795 genua
529 727 612 796 aegra
626 709 753 793 labant3
774 711 944 800 pallorque
964 711 1129 799 timorque

216 903 218 910 Α
268 821 434 909 Occupat,
451 821 586 886 invitam
600 824 768 890 retrahant
781 849 823 890 ne
839 825 970 891 vincula
986 827 1150 909 Colchon,

268 935 441 1000 Phaeacum
459 952 492 1002 et
506 936 601 1002 faciat
619 961 687 1004 uon
700 957 781 1006 'ante
794 940 903 1006 audita
921 957 1089 1031 tyrannus.

268 1048 333 1117 Sed
350 1074 417 1117 nou
433 1068 552 1117 cuncta
573 1076 709 1120 movens
723 1057 794 1121 fore
805 1056 945 1144 jusserat
960 1055 1077 1122 ordine
1090 1057 1147 1122 tali
1250 1079 1303 1118 1300

271 1165 371 1230 Parca
385 1166 494 1254 prius,
513 1167 608 1232 Peliae
623 1191 721 1257 quam
736 1170 930 1235 irruestasset
945 1187 983 1236 et*
992 1171 1116 1253 aulam,

268 1281 496 1370 llegnantique
509 1282 570 1370 ipsi
587 1281 683 1348 caedis
701 1281 785 1348 forel
798 1301 914 1350 auctor
929 1286 1037 1350 Iason.

268 1398 367 1461 Arete
384 1396 512 1461 Alcinoi
530 1397 688 1480 clemens,
707 1398 917 1489 formosaque
933 1401 1063 1482 conjux.

269 1511 342 1600 lpse
359 1527 469 1576 autern
483 1511 638 1577 Alcinous
655 1511 732 1577 duci
747 1511 789 1578 de
802 1535 912 1604 puppe
926 1515 1086 1603 puellam,

268 1627 378 1711 Quam
393 1643 543 1716 peterent
559 1628 673 1693 Colchi
686 1644 779 1695 tanto
794 1652 857 1718 pro
871 1631 1008 1696 crimine
1024 1648 1172 1715 sontem,
1255 1645 1304 1684 ¹³⁰⁵

266 1741 474 1830 Restituique
490 1763 552 1807 auo
567 1740 648 1806 dicit
667 1741 787 1808 debere
807 1745 945 1832 parenti.

266 1857 332 1924 Sed
348 1857 452 1921 morit
472 1857 574 1945 pietas
593 1857 713 1947 reginae
729 1858 851 1922 viscera
866 1859 970 1942 mitis,

268 1973 515 2060 Admonuitque
534 1972 660 2055 virum,
676 1971 803 2038 blandis
821 1974 1028 2039 sermonibus
1047 1997 1124 2042 usa:

310 2089 475 2171 «scilieet,
494 2109 515 2152 o
529 2089 667 2170 conjux,
685 2089 766 2153 socii
783 2087 857 2154 data
873 2089 992 2155 soedera
1008 2091 1099 2174 lecti,

267 2205 365 2272 Haud
382 2205 477 2270 dulce
494 2220 542 2270 est
558 2205 692 2270 thalami
707 2205 837 2285 junctas
853 2206 1004 2272 divellere
1021 2206 1182 2294 flammas3
1251 2239 1304 2280 ,κιο

267 2323 309 2388 Et
325 2323 454 2410 quoties
472 2321 577 2410 quivis
593 2321 664 2386 haec
679 2321 812 2406 audeat,
836 2322 920 2388 alma
934 2324 1040 2389 Dione

267 2438 368 2504 Irruit
383 2437 485 2526 inque
506 2437 594 2502 viros
609 2437 709 2502 ultrix
724 2438 870 2527 irataque
891 2455 1018 2506 matres.

268 2551 369 2637 Quod
385 2553 413 2617 si
426 2551 610 2640 virgineum
624 2568 729 2617 servat
743 2573 811 2616 non
827 2567 910 2632 tacta
926 2552 1103 2643 pudorem,

265 2667 403 2758 Naviget
417 2664 459 2731 ad
478 2682 603 2754 patrem
625 2681 658 2730 et
669 2666 792 2754 patrios
806 2665 923 2732 Medea
936 2685 1080 2757 penates.

267 2785 308 2849 At
323 2783 350 2847 si
369 2781 549 2847 concubitu
567 2780 698 2846 foedarit
713 2782 851 2846 claustra
861 2781 962 2872 jugali
1247 2795 1299 2836 ¹³¹⁵

266 2896 404 2980 Abdita,
424 2899 499 2979 jure
515 2919 576 2962 suo
590 2895 691 2961 ducat
704 2918 914 2986 quocumque
931 2899 1066 2963 maritus
1079 2930 1104 2966 υ.

309 3015 364 3080 sic
375 3013 438 3078 ait:
457 3035 495 3078 ac
512 3013 596 3102 regis
613 3012 711 3077 verba
725 3012 795 3077 huc
813 3011 989 3101 praecordia
1007 3029 1165 3106 tangunt,

265 3129 374 3215 Atque
391 3126 437 3190 ita
452 3139 569 3190 cuncta
585 3125 652 3190 suis
666 3125 779 3218 statuit
791 3124 966 3190 decernere
982 3125 1087 3192 dictis.

310 3244 352 3304 At
364 3240 492 3330 Minyas
506 3262 575 3304 non
590 3238 661 3302 haec
673 3239 767 3303 latuit
781 3239 960 3305 sententia:
977 3241 1063 3306 luno

266 3355 350 3422 Nam
367 3353 477 3418 subito
491 3373 585 3416 servo
601 3351 747 3416 assimilis
763 3349 895 3417 devecta
907 3376 967 3443 per
981 3377 1092 3439 auras,
1248 3381 1299 3421 1³20

265 3471 405 3538 Nuntiat
417 3493 570 3536 arcanum
584 3491 676 3560 reges
690 3469 912 3560 quodcunque
925 3473 1065 3561 loquuti.

266 3589 352 3654 'llrm
369 3585 478 3653 subito
492 3586 650 3651 thalamos
667 3584 783 3652 Medea
803 3602 959 3675 torosque
974 3612 1087 3678 parare

266 3705 399 3768 Excelsa
413 3703 448 3766 in
464 3702 585 3791 puppi3
598 3701 787 3790 circumque
803 3703 902 3766 aulaea
915 3723 1106 3789 coruscant,

266 3818 457 3908 velleraque
476 3815 578 3884 affixis
599 3814 785 3905 dependent
801 3839 898 3882 aurea
917 3819 1003 3884 setis.

146 3991 158 4008 ,,
267 3933 445 4022 Postquam
459 3932 559 4021 igitur
577 3929 686 3998 fulcris
703 3932 831 3998 nituere
844 3933 963 3998 cubilia
976 3935 1088 4018 lautis,
1247 3953 1297 3993 1³2⁵

269 4046 487 4138 conjugiique
508 4068 600 4135 pares
619 4044 756 4112 flammas
776 4046 905 4112 subiere
920 4047 1073 4132 latentes,
