2994 4702
489 331 911 398 ARGONAUTARUM.
1168 289 1231 426 339

164 457 246 522 etin
263 453 378 521 eodem
395 453 498 518 lexico
517 451 551 518 in
570 451 689 541 Cepheo
695 501 705 532 ,
719 455 844 520 auctori
861 457 1079 545 supplementi
1095 457 1230 548 Cepheus

164 561 286 628 dioitut
308 561 408 626 frater
426 558 502 624 Alci
521 582 583 648 pro
598 559 692 639 Alei,
711 566 808 648 quern
825 561 1017 651 ignorarunt
1040 567 1229 640 mercenarii

167 667 377 732 sarcinatores
391 665 548 730 librorum
564 664 721 747 sutilium,
739 681 771 730 et
785 667 957 754 exquibus
970 685 1056 734 certa
1072 668 1230 737 eruditio·
1317 677 1318 682 ’

168 774 219 838 nis
232 789 266 838 et
275 773 441 838 literarum
454 771 645 834 interiorum
659 771 758 858 pestis
772 787 820 842 est
836 773 1009 838 exoritura.

211 967 431 1048 AMPHION,
450 983 646 1034 memoratus
658 970 753 1034 etiam
768 969 939 1051 omnibus,
953 987 1087 1060 excepto
1098 974 1232 1062 Apollo·

167 1072 270 1154 doro,
294 1072 377 1138 fitius
407 1071 590 1162 Hyperast'i,
619 1090 651 1139 et
679 1073 777 1142 frater
793 1076 913 1140 Asterii
935 1074 1056 1140 dieitur
1079 1100 1097 1140 a
1122 1078 1231 1144 Schol.

167 1179 320 1268 Apollon.
338 1180 373 1260 I,
401 1179 479 1266 176;
500 1180 578 1244 alios
606 1202 684 1244 vero
709 1179 844 1268 Hippasi
865 1179 966 1244 filium
991 1182 1116 1264 facere,
1133 1183 1232 1248 tradit

167 1283 333 1373 Hyginus,
348 1282 412 1352 fab.
429 1283 577 1366 X1V‚de
599 1307 666 1372 quo
688 1281 830 1350 vidimus
853 1285 886 1348 in
911 1287 1038 1352 Actora.
1058 1288 1229 1376 Orpheus,
1273 1331 1274 1340 κ

166 1391 316 1480 Apollon.
324 1391 443 1482 Hygin.
452 1407 484 1456 et
492 1390 545 1456 alii
558 1415 597 1456 ex
604 1392 732 1456 Pallene
742 1393 867 1456 venisse
875 1392 936 1456 hos
943 1395 1147 1484 Argonautas
1162 1412 1229 1460 tra-

166 1495 261 1575 dunt.
273 1495 419 1560 Valerius
431 1517 508 1560 vero
519 1497 670 1578 Flaccus,
688 1497 722 1578 I,
739 1496 821 1579 366,
837 1519 877 1560 ex
891 1496 995 1579 Pella3
1015 1521 1075 1562 nos
1086 1497 1127 1563 ad
1139 1500 1231 1564 illum

163 1601 295 1682 locutu,
310 1623 377 1666 non
394 1623 471 1666 eum
487 1624 525 1666 ex
541 1600 750 1684 Macedonica
763 1601 911 1678 Pallene,
924 1601 981 1666 sed
994 1603 1130 1668 Achaica
1143 1606 1232 1693 (nam

165 1706 275 1773 Schol.
299 1705 459 1795 Apollonii
479 1705 558 1770 dicit
573 1706 778 1795 Hyperasinrn
802 1707 901 1770 fuisse
926 1728 1033 1796 regem
1059 1709 1231 1798 Achaiae),

166 1811 292 1877 venisse
317 1811 532 1892 oonjecimus5
551 1827 583 1875 at
609 1811 672 1874 hoo
696 1810 773 1875 inde
796 1810 1026 1893 verosimilius,
1052 1813 1128 1901 quia
1152 1817 1231 1880 urbs
1297 1895 1301 1904 ¹

167 1917 362 2006 Hyperasia,
396 1931 506 2004 postea
530 1915 649 2005 AEgyra
680 1915 784 1998 diota,
820 1915 925 1982 vicina
954 1917 1052 1982 fuerit
1079 1919 1229 2008 Sicyoni,

167 2037 205 2086 ut
219 2037 307 2110 patet
322 2045 361 2088 ex
384 2022 521 2086 Pausan.
542 2021 604 2086 Vll
628 2021 687 2103 26,
710 2038 742 2084 et
760 2022 910 2086 Pallenen
934 2021 970 2085 in
988 2022 1104 2087 eodem
1125 2041 1227 2092 tmctu

166 2128 260 2192 sitam
281 2149 350 2192 esse
366 2126 508 2194 ostendit
520 2126 640 2193 ibidem
656 2127 793 2192 Pausan.
816 2150 885 2215 cap.
904 2127 1038 2208 ultimo,
1060 2133 1231 2221 conjungit

164 2235 262 2298 etiam
274 2249 312 2298 ut
321 2233 442 2300 vicinas
452 2233 548 2300 urbes
558 2233 656 2298 Hom.
668 2234 756 2314 llll,
766 2232 839 2322 573.
848 2235 1057 2323 Hyperesiam
1070 2235 1110 2299 ab
1118 2239 1229 2326 Hype-

166 2340 247 2406 rasia
259 2339 430 2430 distinguit
439 2340 641 2428 Stephanus,
658 2339 715 2404 sed
731 2341 902 2406 Salmasius
920 2339 1066 2406 eamdem
1079 2364 1165 2424 esse,
1178 2330 1229 2408 vel

166 2445 281 2510 urbem
301 2461 335 2510 et
356 2448 521 2536 regionem
540 2446 667 2511 duabus
686 2446 955 2535 appellationibus
976 2469 1042 2511 una
1060 2447 1151 2512 litera
1167 2448 1229 2514 dil'·
1267 2462 1270 2470 ’

166 2551 343 2616 ferentibus
366 2551 550 2618 distinxisse
564 2551 764 2641 Stephanum
782 2567 893 2640 putat,
907 2568 940 2615 et
962 2551 1148 2636 Strabonis,
1171 2557 1229 2642 qui

163 2655 207 2722 de
220 2658 351 2746 regione
363 2658 443 2745 agit,
455 2655 552 2720 rerba
563 2657 607 2722 ita
621 2657 751 2744 cepisse.
769 2655 956 2720 Eustathius
978 2657 1092 2722 urbem
1108 2659 1149 2722 ab
1164 2660 1231 2749 Hy·

165 2778 291 2849 perete‚
305 2763 461 2849 Lycaonis
478 2760 564 2840 lilio,
586 2757 706 2824 dictam
723 2760 803 2824 vult.
827 2761 888 2824 lsto
903 2783 980 2823 vero
1003 2761 1164 2850 Amphion
1182 2763 1228 2827 di·

165 2889 277 2930 versus
291 2867 353 2931 l'uit
373 2866 414 2931 ab
428 2867 624 2953 Amphione,
641 2865 728 2934 lovis
739 2881 771 2930 et
788 2863 943 2954 Antiopes
957 2863 1040 2946 filio,
1058 2867 1227 2932 conditore
1372 2913 1375 2925 .

164 2970 467 3068 Thebarum,quod
479 2991 518 3034 ex
531 2969 723 3058 Apollonio,
738 2966 835 3049 lib.l,
846 2991 929 3033 vers.
945 2969 1028 3056 736,
1045 2987 1150 3059 patet,
1168 2971 1224 3036 ubi
1329 3039 1337 3054 ,

164 3077 261 3142 lason
283 3075 467 3164 Hypsipylae
493 3074 549 3138 dat
569 3075 701 3163 pallium
724 3073 832 3168 dpno,
855 3075 888 3138 in
914 3097 977 3161 qua
1002 3075 1054 3138 illa
1072 3076 1224 3157 historia,

165 3181 355 3268 Amphionis
373 3197 406 3244 et
424 3180 532 3260 Zethi,
544 3179 665 3244 affabre
681 3178 784 3262 efficta
800 3179 1012 3262 cernebatur;
1024 3179 1113 3244 unde
1133 3180 1224 3244 illurn

164 3287 380 3374 antiquiorem
392 3284 492 3351 fuisse
508 3284 656 3350 efficitur.
779 3351 783 3361 ,

210 3467 457 3534 AMPONITUS
481 3469 521 3533 ab
537 3468 668 3558 Hygino
686 3485 902 3548 memomtur3
931 3467 987 3532 sed
1005 3490 1107 3555 quum
1124 3492 1143 3531 a
1165 3489 1224 3531 ne·

165 3573 252 3637 mine
268 3587 417 3661 praeterea
429 3573 527 3655 hujus
537 3573 691 3638 memoria
705 3575 747 3637 sit
757 3571 903 3660 prodita,
923 3595 983 3637 nee
994 3593 1115 3636 nomen
1128 3573 1224 3637 etiam

165 3695 291 3759 notum,
315 3678 407 3744 facile
422 3680 540 3746 accedo
556 3681 633 3744 viris
650 3678 773 3759 doctis,
790 3679 846 3766 qui
865 3701 926 3766 pro
945 3702 984 3742 eo
1003 3677 1157 3766 Opuntius
1177 3679 1225 3742 le·

164 3801 265 3877 gunt,
287 3801 320 3849 et
333 3783 374 3850 de
389 3785 563 3868 Menoeti0,
582 3786 638 3874 qui
652 3785 830 3874 praecessit,
847 3784 1016 3872 explicant.

211 3979 390 4046 ANGAEUS
415 3982 495 4045 nulli
523 4005 659 4060 ¹eorum,
687 3980 743 4068 qui
775 3981 989 4068 Argonautica
1013 3979 1226 4066 scripserunt,

167 4085 354 4172 praeteritus.
376 4087 506 4175 Hygino
518 4087 672 4176 Tegeates
687 4101 756 4166 est,
777 4084 861 4148 lilius
873 4085 938 4150 sive
956 4107 1056 4172 nepos
1073 4083 1227 4168 Lycurgi,

1045 4209 1095 4250 aa.
