3022 4678
426 349 819 416 ansouanrrcon
850 349 936 413 um.
956 331 1057 413 vni.
1218 354 1279 438 189

249 479 331 562 Quis
348 477 449 544 modo
465 495 532 546 tarn
545 503 647 546 steros
663 480 768 570 adytis
784 479 914 548 fluxisse
932 502 1065 546 cruores

247 593 401 682 Cogitet?
417 611 474 660 aut
487 595 548 683 ipsi
562 595 620 684 qui
637 595 704 682 jam
722 595 901 662 meminere
914 595 1077 662 ministri?

291 709 390 791 Inde,
410 709 468 774 ubi
487 709 644 776 saerifiess
661 734 737 776 eum
754 709 894 801 conjuge
908 711 999 776 venit
1014 710 1057 776 ad
1071 735 1154 800 aras¹

247 822 440 906 AEsonides,
459 847 591 912 unaque
607 823 730 890 adeunt
743 825 928 914 pariterque
945 825 1068 912 precari

243 937 430 1026 Incipiunt,
445 937 555 1026 ignem
576 938 690 1004 Pollux
705 937 897 1026 undamque
913 937 1054 1028 jugalem
1240 961 1276 1006 ’ts

246 1051 407 1133 Praetulit,
421 1068 459 1116 ut
476 1050 626 1118 dextrum
640 1053 761 1141 puriter
775 1069 944 1120 vertantur
959 1055 994 1118 in
1010 1053 1136 1122 orbem·
1295 1063 1301 1102 ¹

249 1165 314 1231 Sed
328 1189 437 1255 neque
451 1189 485 1232 se
502 1167 641 1256 pingues
656 1182 728 1232 tum
745 1167 882 1234 candida
898 1166 1027 1234 flamma
1042 1191 1101 1260 per
1115 1193 1210 1236 auras

247 1282 426 1370 Explicuit;
449 1305 511 1348 nee
530 1282 627 1346 thura
642 1281 732 1347 ridet
746 1282 921 1348 eoncordia
932 1284 1086 1372 Mopsus,

246 1379 443 1464 Premissam
463 1419 525 1462 nec
541 1414 627 1464 stare
645 1395 763 1481 lidem;
781 1397 879 1462 breve
897 1415 1026 1488 tempus
1038 1422 1200 1466 amorum.

169 1497 173 1504 ⁸
248 1511 330 1576 Odit
349 1527 527 1600 utrumque
545 1513 659 1590 simul,
674 1512 772 1579 simul
783 1529 817 1580 et
828 1513 1000 1580 miseratur
1012 1531 1209 1605 utrumque,
1239 1537 1277 1576 ,ευ

246 1628 288 1692 Et
304 1628 364 1694 tibi
377 1629 445 1709 jam
459 1629 568 1693 nullos
584 1628 722 1717 optarit,
736 1628 889 1710 barbara,
905 1645 1009 1695 natos.

246 1743 324 1810 Mox
340 1745 453 1833 epulas
469 1759 502 1810 et
518 1765 607 1810 sacra
623 1759 755 1832 parent3
777 1743 933 1810 silvestria
953 1745 1033 1812 lutis

232 1953 285 2003 atr.
307 1949 362 1994 Tana
377 1961 457 1992 sm.
480 1944 518 1992 ste
534 1947 625 1993 Βοιιοιι.
645 1944 698 1992 eod.
715 1947 806 1994 Bnnom
822 1947 853 1992 ll.
871 1949 927 1994 Juns
940 1949 1102 1995 manmit.
1115 1950 1169 1996 eod.
1181 1957 1205 1998 et
1218 1951 1273 1999 edd.

201 2041 275 2086 nsque
290 2025 320 2072 ad
336 2027 415 2074 Bursa.
430 2051 462 2062 -
478 2025 533 2080 att.
543 2025 608 2072 Et...
629 2035 755 2074 eertaunsr.
765 2024 880 2074 Vateud.
892 2051 918 2062 -
930 2027 984 2074 251.
1000 2029 1056 2073 mm
1066 2027 1204 2076 suaeve.
1220 2031 1274 2078 eod.

201 2131 230 2142 —
247 2106 301 2152 aba.
317 2107 393 2153 Iats's.
414 2106 452 2154 ste
466 2103 543 2152 Valle.
559 2104 613 2170 eod.
631 2107 721 2152 Bonou.
742 2106 773 2152 ll.
790 2105 855 2151 Laeti.
872 2105 964 2152 bonon.
980 2105 1035 2154 end.
1048 2115 1072 2154 et
1087 2107 1142 2156 edd.
1154 2125 1229 2172 usque
1244 2111 1274 2158 ad

200 2185 280 2234 tm.
293 2186 338 2233 En.

237 2373 297 2430 als.
310 2371 371 2437 Quis
380 2373 467 2432 nodo,
479 2368 569 2440 paullo
579 2377 653 2434 ante,
662 2381 713 2420 tam
757 2365 897 2433 Ovidium,
910 2367 992 2420 Trim.
1006 2369 1043 2432 V,
1062 2369 1087 2430 5,
1107 2383 1157 2426 stt
1173 2375 1273 2442 pamla

199 2467 275 2500 susos
288 2451 382 2515 adytis,
393 2447 514 2519 templis,
517 2451 629 2518 jbrxisss
644 2466 714 2500 ensa·
749 2448 836 2516 finnus
847 2445 919 2518 apud
928 2445 1083 2516 Lucanum,
1095 2450 1173 2516 v111,
1188 2455 1249 2523 730.

199 2547 238 2580 m
250 2531 363 2596 waiet?
379 2543 425 2580 aaut
440 2531 488 2598 ipsi
503 2531 611 2598 qaijam
629 2531 713 2580 nessi·
795 2527 855 2590 248.
874 2529 928 2578 Nes
944 2531 1016 2580 sim
1035 2533 1106 2582 uidet
1125 2539 1273 2598 consor-eda,

199 2627 258 2660 aare
279 2611 397 2670 ministri,
420 2606 509 2662 Galli?
527 2612 562 2663 Tb
582 2609 627 2676 qni
643 2607 713 2660 mals
756 2623 811 2658 nou
829 2623 881 2658 uua
903 2606 1036 2661 nubecula
1052 2611 1212 2682 surgebant,
1226 2615 1273 2669 sed

199 2687 292 2742 habuit
309 2687 482 2760 interpretes,
497 2685 610 2759 ideoque
627 2699 713 2741 muta·
756 2701 840 2756 grana
852 2685 881 2737 in
893 2683 1012 2739 diverses
1025 2700 1113 2759 partes
1126 2689 1273 2760 saliebant,
1345 2709 1353 2720 ·

198 2777 261 2819 ruat
271 2767 299 2820 iu
310 2771 383 2835 qnid,
395 2767 437 2820 rel
449 2771 519 2820 laad
529 2769 576 2835 ipsi
586 2768 658 2834 qais,
670 2766 713 2820 rel
751 2767 900 2831 promissam
911 2783 958 2816 see
970 2769 1135 2837 morafiam,
1150 2787 1204 2823 non
1216 2791 1272 2826 ser·

198 2854 375 2918 exposuerunt
394 2865 441 2918 per
460 2850 602 2914 quorsom
614 2843 660 2898 sed
673 2845 713 2898 uil
756 2843 829 2907 rari,
850 2847 919 2895 bms
940 2857 1034 2913 tempas
1052 2865 1177 2910 emaum,
1198 2850 1272 2906 haud

199 2923 373 2992 mutandum,
393 2926 415 2978 si
439 2926 570 2988 invertas,
592 2927 636 2992 qui
652 2926 709 2994 ipsi,
756 2920 804 2975 diu
813 2921 981 2976 duraturum.

199 3023 264 3058 uum
273 3005 333 3078 quis
342 3017 381 3059 est
392 3005 461 3058 iuter
469 3006 540 3077 ipsos
549 3002 712 3072 sacerdotes,
793 3001 853 3054 250.
863 3003 922 3052 Odit
932 3015 1059 3070 reamque
1068 3001 1193 3076 Mopsus,
1204 3007 1274 3061 Jasu·

199 3085 262 3157 qui,
277 3103 344 3158 qnos
355 3084 437 3138 modo
449 3101 590 3157 perpessus
602 3095 655 3146 est,
668 3082 714 3137 do·
756 3097 832 3144 nem,
844 3078 917 3154 quod
928 3092 981 3134 tam
993 3082 1096 3154 egregie
1106 3081 1140 3136 de
1151 3103 1179 3137 se
1190 3087 1271 3140 meri·

199 3164 267 3217 iores
278 3183 334 3218 non
351 3165 449 3220 oblitus
466 3162 562 3217 siti-
573 3161 649 3217 Idem
662 3163 712 3235 igi·
755 3171 811 3214 tam
821 3159 1040 3232 repudiaturum
1050 3160 1188 3230 Medeam,
1198 3166 1272 3238 quod

198 3255 242 3298 tur
250 3245 311 3300 feeit
319 3243 417 3298 Medea
426 3281 434 3310 ,
442 3247 560 3314 gradiuit
571 3243 645 3296 oblita
657 3261 712 3296 ms·
755 3238 808 3294 hoe
817 3237 959 3311 repudium
967 3253 1021 3294 tam
1031 3242 1147 3313 graviter
1155 3245 1272 3301 ulturaua

197 3326 284 3377 lomus.
755 3319 1273 3392 provideret,simstlatmiserassrwtsns·

235 3403 359 3466 sebai&
372 3403 440 3476 lpse
457 3399 556 3474 nuptias
573 3398 711 3454 celebran-
756 3419 819 3468 qae,
832 3417 900 3472 quos
913 3411 1041 3474 utrosque
1052 3400 1155 3456 meliori
1167 3405 1222 3458 fate
1233 3405 1273 3460 di·

198 3493 250 3546 tnr,
259 3481 345 3553 epuler
358 3482 450 3536 saltem
462 3480 602 3552 nuptiales.
615 3478 713 3533 Varios
756 3497 823 3551 gnos
832 3479 954 3533 haberet.

198 3561 249 3614 bac
261 3560 324 3616 data
336 3561 474 3616 suasione
486 3561 554 3614 ritus
568 3559 596 3614 in
613 3557 713 3630 nuptiis
794 3559 854 3613 sir.
864 3562 1006 3628 Estibr'jass
1016 3563 1097 3612 sallas
1107 3564 1209 3628 optare,
1219 3567 1273 3618 ta»

197 3653 316 3697 servatos
323 3638 714 3712 eommeuroratpoeta.-Vide
756 3642 834 3701 tm,
845 3653 936 3700 naus,
947 3657 1015 3712 quos
1024 3639 1125 3710 abipsa
1135 3653 1221 3698 matre
1231 3645 1272 3698 in.

197 3721 233 3776 ad
241 3722 341 3776 calcem
352 3722 431 3796 hujus
442 3720 504 3774 libri
514 3729 571 3773 not.
584 3719 645 3783 ast.
657 3719 710 3772 En.
753 3719 894 3772 terieetuur
907 3717 942 3772 iri
953 3730 1097 3790 auguratus
1106 3730 1154 3773 est.

234 3807 293 3873 ²⁴7·
301 3805 389 3870 Neque
398 3821 426 3853 ss
434 3813 483 3852 arm
493 3802 618 3860 eandida,
628 3814 710 3871 pura,
791 3797 851 3852 aba.
861 3803 926 3851 atos
940 3802 1025 3867 epatu
1038 3811 1062 3850 et
1071 3819 1160 3862 saera,
1176 3801 1268 3871 epulas

196 3881 267 3934 clara
276 3917 285 3945 ,
294 3880 352 3934 luta
362 3883 484 3952 ,flam
494 3882 506 3950 (
515 3879 588 3933 enni.
604 3879 629 3944 l,
640 3879 711 3948 sla)
755 3877 926 3944 sacrificales,
937 3876 1056 3932 recidam
1069 3895 1104 3932 ex
1114 3877 1206 3933 hostiis
1217 3899 1272 3936 ear-

193 3981 240 4029 psr
256 3981 333 4012 auras
345 3963 468 4030 pingues,
485 3959 641 4026 crassiores,
655 3959 712 4031 pin·
754 3957 1270 4030 nes,pmnt3si1vestriapmsaia,proe·

197 4039 281 4112 guiori
298 4039 408 4094 materia
420 4039 497 4112 quasi
508 4037 649 4112 gravidas,
663 4055 712 4090 aa·
755 4035 1196 4108 darenatiet,eaquesaeilisessnr
1204 4057 1271 4106 qna·

193 4122 286 4188 plicuit.
307 4119 351 4176 Sic
374 4121 482 4189 pingues
495 4123 612 4192 flamma
639 4115 712 4192 apud
756 4114 1271 4188 uusaprmmbundautspmm-
