3022 4678
227 339 288 410 156
320 341 371 406 tlt
401 342 487 408 Ltts.
510 343 767 414 SEPTIMUM
794 345 1188 414 ARGONAUTICON

222 456 303 510 cont.
319 461 392 526 Torq.
405 462 495 519 Tasso,
508 461 626 522 Arut’rstu,
637 460 730 516 initio-t

454 576 538 622 Vareni
550 575 646 640 dunque
657 595 710 640 pur,
722 579 807 635 Silvis,

453 652 498 698 Dei
510 653 597 714 pisosri
609 654 634 702 di
645 657 735 704 Venere
746 657 841 703 lentam

453 728 567 776 Menaene
577 739 603 776 tn
614 742 695 792 questa
706 741 746 778 tua
755 731 910 795 giorunesua?

455 802 492 849 Ne
500 800 518 848 Ἰ
529 803 597 852 dolos
607 821 677 854 nosne
687 807 712 852 di
725 807 806 854 madre
818 805 893 853 oduei
903 807 914 852 i

259 946 294 997 V.
306 944 368 1009 344.
380 948 428 997 Gur
436 948 481 998 tibi
479 948 589 1015 fallaces
593 951 692 1016 placuit
698 951 844 1018 conjungere
851 951 952 999 dunas

302 1093 304 1098 ι
381 1033 459 1090 Tunc,
465 1045 548 1098 pater,
560 1046 634 1099 atque
645 1035 695 1084 istis
699 1035 811 1100 juvenem
822 1049 871 1082 non
876 1033 981 1099 perdere
990 1029 1102 1082 monstris

381 1115 516 1166 Protinus?

225 1266 239 1286 ι
249 1239 309 1294 ium
321 1259 401 1305 vero,
414 1241 500 1314 inquit
519 1242 687 1316 Wagner-us,
707 1244 792 1299 oratio
811 1243 923 1296 transilit
938 1240 972 1296 nd
986 1253 1102 1314 pan-em:
1118 1244 1168 1293 cur
1180 1240 1225 1290 tibi
1231 1239 1286 1307 sui-

227 1325 291 1372 iaces
307 1326 403 1390 placuit
420 1328 566 1395 conjungere
583 1331 706 1380 dentem
721 1333 787 1379 Tunc
802 1341 901 1398 poteras
918 1330 969 1378 istis
983 1330 1096 1395 juvenem
1117 1343 1166 1376 non
1186 1324 1288 1390 perdere

228 1410 339 1459 monstris
350 1410 486 1460 Protinus?
496 1414 550 1480 ipsa
560 1415 634 1464 etiarn
640 1414 749 1481 ,sareon
760 1426 816 1464 tune
829 1413 883 1478 ipsu
895 1413 1018 1462 volebam.
1032 1408 1095 1462 Post
1104 1425 1210 1460 sermm
1220 1405 1287 1470 344,

228 1489 311 1543 codex
326 1491 413 1565 regius
426 1492 523 1548 habet:
533 1499 592 1548 AEtn
602 1516 706 1564 parens,
723 1499 745 1547 si
755 1497 867 1563 poscenti
878 1513 924 1545 sua
929 1495 1004 1561 suivu
1019 1507 1130 1560 negasses
1144 1493 1254 1551 Vellera,
1267 1489 1290 1538 si

222 1579 333 1642 putrium
341 1582 457 1630 vetuisses
469 1581 559 1632 rtasn
568 1584 651 1642 adue,
660 1579 797 1652 dequibus
806 1576 990 1652 quidsenserit
999 1574 1169 1645 prnstnntiss.
1179 1570 1288 1626 Beckius

228 1660 257 1711 in
266 1678 336 1714 uota
346 1661 409 1714 bibl.
421 1663 510 1734 philol.
520 1664 572 1716 vol.
583 1664 608 1731 1,
617 1665 692 1718 Fusc.
702 1683 728 1736 p.
742 1669 803 1731 269,
813 1663 856 1716 hic
868 1661 1017 1715 adscribere
1030 1658 1123 1712 liceat:
1137 1683 1150 1703 α
1158 1659 1220 1710 Duo
1231 1673 1290 1708 ver·

229 1761 291 1806 sus,
302 1745 348 1816 qui
359 1747 460 1800 suntin
474 1747 546 1818 regio
559 1745 667 1812 codice,
681 1747 770 1801 nescio
786 1743 920 1818 quomodo
933 1744 1101 1796 Burmannus
1111 1759 1159 1814 pro
1172 1739 1290 1792 Valeria·

229 1828 271 1880 uis
283 1826 381 1882 habere
391 1830 514 1900 potuerit.
530 1829 582 1885 ssd
598 1842 628 1882 nt
642 1832 696 1904 jam
710 1830 845 1895 scniritur,
857 1849 911 1883 non
923 1838 1026 1882 constat
1034 1826 1136 1889 orati03
1148 1823 1292 1896 requiritur

223 1908 300 1978 ¹enim
319 1913 469 1981 vocativus,
489 1911 524 1965 nd
544 1931 623 1984 quem
644 1913 740 1986 dirigat
759 1913 906 1967 ontionem
922 1911 1032 1978 Medea,
1050 1928 1137 1982 neque
1153 1904 1292 1961 commode

230 1994 290 2063 quis
301 1992 410 2050 dixerit:
427 2003 493 2048 Titne
501 2012 601 2064 poteras
611 2018 659 2050 non
664 2002 777 2066 perdere.
784 1997 937 2069 Legendum
947 2014 954 2050 t
967 2002 1041 2057 iisne,
1048 2009 1130 2064 pater,
1137 2008 1213 2060 atqtte
1224 1995 1292 2050 t'stt'ss

231 2090 262 2132 ut
275 2080 330 2151 jam
348 2078 439 2133 docuit
450 2081 561 2149 Balbus,
574 2100 624 2136 nec
635 2081 737 2136 abludit
753 2081 813 2136 cod.
830 2081 964 2136 Carricnis
976 2106 999 2134 ι.
1014 2081 1148 2132 Hactenus
1163 2075 1292 2136 Bestius.

231 2163 308 2234 cujus
321 2165 448 2217 sententia
461 2165 518 2217 haec
531 2176 583 2227 est,
601 2178 646 2229 ut,
660 2167 875 2238 interrogationis
892 2177 954 2219 nota
967 2175 1028 2237 post
1041 2165 1142 2214 decess
1155 2165 1253 2224 eiecta,
1268 2167 1294 2210 ei

232 2257 363 2299 commate
375 2257 434 2317 post
442 2263 518 2316 pater
529 2248 615 2320 posito
624 2290 632 2315 ,
642 2251 679 2304 sic
691 2250 806 2302 scribes:
820 2253 869 2302 Cur
878 2251 923 2301 tibi
928 2249 1038 2316 saltasse
1045 2250 1140 2314 placuit
1149 2246 1295 2312 conjungere

232 2329 334 2380 desnos
347 2335 413 2380 iisne
420 2345 502 2398 pater,
517 2349 592 2401 atque
606 2334 617 2401 (
625 2353 672 2388 cur
681 2334 858 2406 placuit)istis
871 2337 984 2402 jttrenetn
1001 2353 1050 2384 non
1060 2335 1163 2401 perdere
1183 2329 1295 2381 monstrt]

233 2414 370 2464 Protinus?
383 2415 477 2486 Recepi
493 2415 575 2488 igitur
585 2417 795 2470 emendationem
813 2417 1000 2472 felicissimum.
1011 2442 1024 2462 ι
1033 2447 1068 2458 -
1082 2415 1121 2468 Eo
1137 2413 1295 2473 feliciorem,

233 2491 306 2563 quod
325 2494 434 2549 minimo
452 2497 541 2552 minus
556 2519 571 2552 a
586 2499 690 2554 Bonon.
706 2500 767 2556 cod.
786 2513 812 2554 et
831 2501 893 2555 edit.
912 2499 1031 2574 principe
1048 2497 1162 2566 abludit,
1181 2513 1295 2569 quorum

234 2579 387 2646 auctoritas,
400 2579 539 2638 deficiente
549 2585 679 2639 Vaticano
687 2584 793 2650 codice,
804 2585 969 2658 gravissimu.

270 2666 304 2720 Hi
315 2680 376 2722 sunt
388 2668 444 2724 duo
457 2691 561 2737 venos,
573 2692 688 2747 quorum
699 2675 818 2728 meminit
830 2673 942 2727 Beckius
954 2689 961 2726 :

375 2806 423 2852 Cur
434 2805 477 2853 tibi
488 2806 581 2854 inllnces
592 2807 680 2870 placuit
691 2810 835 2870 conjungere
847 2808 952 2860 dextras,

376 2879 444 2944 [Anu
455 2899 551 2944 parens:
562 2883 581 2930 si
590 2883 696 2947 poscenti
707 2899 747 2930 suu
759 2883 823 2929 inire
834 2897 942 2944 negasses

375 2957 483 3011 Vellera,
494 2958 514 3004 si
522 2958 624 3020 patrium
633 2958 745 3005 vetuisses
756 2957 840 3004 thuin
849 2956 936 3019 sdire],

374 3033 441 3078 Tunc
452 3043 545 3094 poterut
555 3033 605 3080 istis
614 3036 734 3096 juvenem,
748 3042 804 3078 tunc
815 3031 915 3094 perdere
927 3031 1036 3077 monstris

378 3107 495 3154 Protinus.

236 3228 305 3280 Istos
315 3245 405 3280 sersus
417 3228 555 3281 intextum
571 3229 685 3284 inserere
696 3228 818 3282 sustinuit
828 3227 964 3298 Adelphos
978 3232 1076 3278 Dureau
1089 3228 1121 3275 de
1137 3227 1252 3276 Lurnalie.
1262 3221 1301 3274 De
1345 3251 1352 3264 ·

238 3308 289 3362 hec
302 3315 394 3384 sejam
408 3309 520 3366 diximus
534 3331 628 3384 supra,
640 3324 696 3366 not.
712 3311 773 3376 185,
784 3329 865 3384 quam
876 3311 946 3365 vide.

152 3512 155 3526 ‚
276 3463 309 3515 V.
321 3463 382 3534 357.
405 3467 506 3516 Tonitru
519 3469 659 3534 nutritaque
671 3469 787 3535 gramina
807 3469 910 3532 promit.
930 3493 964 3504 -
981 3465 1077 3514 Premit
1093 3459 1133 3513 Pii
1153 3455 1302 3512 emendetio

240 3557 277 3599 cst
286 3583 294 3610 ‚
304 3547 351 3617 qui
364 3547 488 3601 subsudit
500 3567 533 3600 es·
545 3553 632 3601 arcula
645 3549 727 3602 frctus
738 3549 789 3602 hoc
799 3549 930 3621 Apollonii
942 3547 1017 3610 loco,
1027 3544 1080 3612 111,
1094 3545 1161 3608 843:

380 3671 403 3732 n
417 3675 447 3732 ἃ
462 3683 521 3744 ²4⁰<
533 3689 655 3754 γλῦφϋρῆς
665 3683 767 3746 ditasse
779 3683 911 3754 φωριαμοῖο

381 3773 524 3844 Φάρμακον,
540 3775 598 3846 ὄῤῥά
611 3795 638 3828 τι
650 3775 710 3846 pusi
721 3776 867 3848 llpaptiissss
881 3775 1019 3828 κυλίεσθαι.

243 3926 333 3991 Quum
347 3943 407 3980 Veto
424 3923 495 3997 apud
504 3925 643 3980 Valerium
659 3925 732 3978 nullu
746 3925 778 3979 sit
797 3925 877 3998 hujus
883 3925 1010 3992 phoriami
1021 3911 1076 3973 siis
1089 3919 1181 3968 unuin
1194 3913 1306 3972 mentio,

244 4008 379 4066 retinenda
399 4023 438 4062 est
458 4009 577 4064 omnium
596 4007 716 4064 codicum
735 4011 830 4074 lectio,
847 4009 931 4077 ponit,
947 4022 1041 4072 nempe
1058 4002 1086 4054 iu
1108 4004 1174 4060 sinu,
1192 3996 1227 4050 de
1252 4015 1308 4068 quo

245 4114 335 4167 supra,
347 4113 371 4147 v.
385 4095 446 4147 ³55.
