3006 4676
248 344 312 412 238
391 335 1174 417 PlO'AUCTORE,SUPPLEMENTA

292 477 467 558 Caelicolis,
488 475 573 554 juvit
588 472 710 562 pariter
724 469 783 534 tihi
800 470 923 534 lumina
944 471 1029 534 ferre

290 591 466 666 Pronuba,
488 606 522 655 et
540 587 690 653 ardentes
706 585 748 649 ad
765 599 878 648 mutua
893 583 1014 648 foedera
1030 582 1137 647 taedas.

291 706 414 768 Verum
435 725 508 792 age,
527 700 617 782 dita,
634 699 713 764 meis
729 697 848 763 adhibe
864 699 1047 764 narratibus
1061 720 1170 762 aures:

292 817 418 907 Elysios
437 832 514 880 tuus
535 815 570 878 iu
592 837 724 903 campos
737 812 920 902 penetrabit
933 812 1090 896 Achilles,

293 931 360 1016 Qui
383 954 473 996 nunc
495 931 646 996 Chironis
664 928 784 994 dociles
807 927 863 993 dat
887 929 1036 994 cantibus
1051 951 1164 1011 aures,
1276 946 1315 992 ³⁴⁵

291 1029 495 1133 Naiadesque
517 1042 630 1110 fovent
653 1042 755 1108 divini
780 1043 871 1108 lactis
890 1043 1070 1108 alumnum.

291 1162 389 1227 Hunc
410 1158 525 1224 Medea
544 1160 651 1226 virum
669 1158 856 1222 melioribus
871 1181 968 1222 aurea
982 1159 1070 1240 fatis,

292 1277 339 1342 Te
359 1275 472 1340 sortita
487 1297 628 1357 nurum,
648 1273 812 1364 prestanti
831 1275 923 1362 prole
936 1274 1072 1339 tenebit.

293 1394 403 1476 Quare
419 1407 456 1456 tu
474 1412 587 1455 socrus
608 1389 708 1454 nurui
725 1388 877 1453 auxiliare
894 1389 1021 1454 futurae.

292 1507 383 1591 Quid
396 1523 453 1572 tua
466 1522 533 1571 tam
547 1521 675 1570 nostros
688 1504 833 1594 Minyas,
852 1528 951 1595 rogo,
972 1501 1118 1570 concutit
1133 1505 1180 1569 ira
1194 1504 1208 1568 i
1274 1523 1315 1560 ³⁵0

292 1625 360 1688 Hos
382 1621 530 1710 Neptuni
549 1620 660 1710 ignes,
686 1619 748 1686 hos
769 1618 886 1684 AEolus
906 1642 980 1685 aere
1002 1636 1111 1710 septus

291 1737 464 1826 Navifrago
484 1733 574 1799 haud
592 1733 700 1799 reditu
720 1733 912 1825 prohibent,
935 1733 1104 1822 rabiesque
1122 1732 1312 1823 Charybdis.

292 1855 344 1918 Ira
364 1868 421 1918 tua
437 1849 597 1915 offendit:
624 1865 662 1914 tu
681 1850 766 1914 lenia
787 1847 917 1914 flamina
935 1851 1023 1932 laxa,

290 1970 340 2045 Et·
353 1988 523 2056 compesce
544 1964 691 2047 animos,
717 1965 824 2031 donec
839 1965 983 2030 Phaeacia
1001 1987 1098 2056 regna

289 2083 480 2172 Attigerint3
494 2096 531 2145 tu
545 2081 613 2145 sola
630 2096 723 2169 potes
740 2081 839 2145 maria
852 2081 915 2145 alta
934 2087 1066 2170 repente
1276 2097 1315 2136 ³⁵⁵

288 2201 455 2278 Sternere,
471 2211 504 2261 et
520 2195 641 2262 auxilio
660 2194 778 2260 virides
801 2195 931 2260 concire
947 2217 1085 2262 sorores.
1193 2236 1196 2243 -

290 2315 340 2379 Ne
359 2312 430 2376 sine
447 2311 626 2400 praecipites
642 2309 788 2375 rabidam
803 2326 972 2400 penetrare
986 2307 1203 2399 Charybdim,

291 2429 342 2493 Ne
356 2442 449 2491 voret
464 2425 647 2514 ingressos3
672 2424 776 2492 avidis
791 2448 851 2490 nec
869 2425 965 2490 trude
986 2425 1116 2490 latebris

290 2541 443 2609 Ausonias
455 2541 588 2631 Scyllas,
609 2541 723 2632 genuit
737 2564 835 2630 quam
852 2542 1021 2632 Phorcys,
1047 2559 1079 2607 et
1093 2559 1160 2608 atra

289 2658 394 2724 Nocte
410 2679 530 2747 vagans
547 2655 684 2740 Hecate,
701 2679 799 2746 quam
816 2656 931 2723 dicunt
947 2680 1017 2722 esse
1032 2660 1179 2725 Crataein.
1276 2679 1315 2720 sss

288 2775 341 2838 Tu
361 2788 491 2837 nostros
512 2770 651 2838 defende
666 2771 787 2855 duces,
807 2789 846 2838 tu
867 2774 1050 2839 comminus
1073 2775 1160 2866 Argo

290 2889 445 2978 Protege,
464 2885 538 2952 dira
561 2887 658 2952 maris
672 2910 680 2952 :
695 2910 809 2953 cursus
830 2887 881 2952 via
897 2911 994 2977 parva
1015 2891 1125 2953 futura
1141 2905 1190 2955 est
1201 2921 1224 2955 υ.

287 3005 340 3071 Sic
357 3003 423 3069 ait:
442 3002 494 3068 his
511 3019 622 3069 autem
638 3003 750 3068 Thetis
764 3019 813 3068 est
830 3005 1036 3070 sermonibus
1056 3027 1130 3070 usa:

333 3119 393 3184 ssi
407 3115 511 3207 rapidi
527 3119 702 3183 vehemens
714 3117 798 3206 ignis
817 3115 910 3182 cadet
924 3119 1079 3209 impetus,
1095 3120 1196 3186 audet

287 3233 381 3298 Mens
398 3254 469 3296 mea
481 3233 547 3314 jam
562 3231 684 3298 reditus
704 3225 831 3297 facilem
851 3232 1012 3323 spondere
1031 3236 1185 3320 salutem,
1275 3255 1314 3296 sss

283 3347 428 3426 hiatibus
446 3346 591 3412 occiduis
611 3346 770 3436 Zephyri,
794 3348 851 3436 qui
865 3366 954 3415 vasta
973 3373 1104 3416 movere

287 3462 432 3551 AEquora
454 3461 552 3526 molle
572 3462 675 3544 solet,
698 3461 842 3551 velisque
859 3464 995 3553 inspirat
1016 3467 1144 3556 apertis.

288 3578 387 3642 Nunc
402 3593 511 3640 tamen
535 3597 701 3663 oequoress
722 3593 851 3665 praestat
870 3578 981 3642 risisse
998 3603 1135 3646 sorores.

288 3694 400 3782 Longa
417 3690 468 3756 via
486 3706 556 3773 est,
579 3706 635 3773 tu,
653 3693 759 3776 Iuno,
781 3695 886 3778 viros,
907 3710 965 3779 tu,
987 3699 1091 3779 luno,
1118 3701 1306 3788 magistrum

286 3807 383 3871 Mane
398 3805 478 3888 jube
495 3803 621 3872 findant
632 3829 720 3872 sacra
735 3808 815 3874 rada
832 3810 947 3874 caerula
960 3813 1093 3901 puppi».
1276 3835 1314 3885 ³70

330 3921 436 4002 Dixit,
453 3937 485 3985 et
502 3920 641 3986 aetheriis
655 3923 800 4013 nymphe
816 3923 977 3990 delabitur
993 3929 1074 4010 oris,

285 4035 442 4099 caeruleas
461 4035 604 4125 ingressa
616 4037 700 4119 rias,
723 4039 882 4128 pontique
899 4039 1038 4109 lacunas.
