3002 4680
245 327 286 392 80
367 327 418 391 IN
445 326 531 392 LIB.
555 325 753 390 SEXTUM
784 326 1177 406 ARGONAUTICON

240 453 328 513 potem
339 477 346 504 ,
359 459 421 494 cum
438 440 505 492 irato
523 439 693 509 competitore
711 439 843 503 insitum,
862 439 959 493 nedum
976 443 1075 502 letum,
1088 440 1215 512 congredi
1233 444 1301 494 veri·

242 526 327 578 simile
350 535 406 586 est;
427 524 544 576 Anausin
563 535 653 576 contra
682 523 790 594 repulse
814 522 1006 594 impatientem,
1024 523 1146 576 vindictas
1165 526 1303 578 occasione

242 611 329 663 lutari.

275 737 309 802 V.
324 740 382 804 274.
395 737 436 784 Ad
453 751 547 783 soceros
560 745 690 800 poctoeqne
710 735 776 782 sinas
795 751 825 783 cn
845 736 955 802 conjugis
968 771 975 796 ,
989 737 1086 802 inquit,

391 817 463 875 Scire,
470 815 552 883 sugis.

240 940 284 987 Ad
294 953 400 987 soceros.
413 933 446 984 Et
459 949 579 984 socerum
593 943 618 984 et
631 949 736 985 socrum
751 931 875 1003 intellige.
889 932 931 988 Sic
942 933 1085 1004 Virgilius,
1100 938 1159 988 AEn.
1170 935 1213 1000 11,
1229 934 1279 999 455
1293 953 1299 988 :

382 1083 496 1099 ........
507 1049 588 1098 infelix
600 1065 646 1111 qus
658 1067 693 1104 se,
705 1049 761 1096 datu
772 1065 844 1112 regnu
856 1052 995 1104 manebunt,

375 1126 462 1188 Stepius
471 1126 634 1172 Andromache
647 1125 708 1170 ferre
721 1125 855 1172 incomitata
864 1126 955 1173 solebet

378 1199 419 1248 Ad
428 1215 528 1252 soceros,
542 1211 565 1246 et
575 1215 618 1248 eto
630 1215 728 1262 puerum
739 1201 880 1260 Astyanacte
892 1201 1007 1247 trebebut.

275 1338 306 1387 V.
322 1353 380 1406 ²77·
393 1335 507 1392 Dixerat,
529 1345 650 1383 extremus
667 1349 741 1398 quum
759 1334 850 1382 Iumina
871 1334 969 1400 corripis
987 1349 1062 1382 error.
1081 1331 1170 1384 -sic
1186 1331 1299 1396 Statius,

239 1422 323 1475 Theb.
337 1418 408 1484 xli,
423 1434 491 1487 777:
509 1442 521 1460 ι
532 1416 581 1468 Ille
594 1415 677 1468 oculis
692 1428 800 1466 extremo
815 1434 896 1466 errore
913 1414 1005 1467 solutis
1022 1415 1133 1468 Labitur
1145 1441 1166 1468 u.
1186 1415 1225 1469 Id.
1234 1417 1298 1472 Sitv.

238 1507 273 1572 V,
289 1523 300 1558 r
311 1544 319 1570 ,
333 1520 396 1572 170:
407 1501 540 1572 clamque
552 1497 651 1552 cadant
660 1498 767 1562 vultus,
780 1497 917 1569 oculisque
928 1500 1068 1548 novissimus
1078 1517 1145 1549 error
1154 1525 1176 1552 a.

168 1626 170 1636 .
272 1635 306 1686 V.
321 1633 379 1703 278.
392 1637 497 1698 Vosque
507 1649 617 1698 represso
626 1632 694 1697 gelu.
705 1631 804 1680 -Geln
814 1630 975 1702 prossigore.
983 1629 1060 1700 Virg.
1073 1631 1134 1682 AEn.
1147 1629 1217 1694 ΧΠ,
1230 1635 1278 1698 951
1290 1651 1296 1684 :

239 1722 331 1773 Astilli
341 1716 567 1783 solvuntursrigore
576 1715 691 1765 membra.
771 1795 776 1808 Ι
1239 1741 1240 1744 ,

271 1858 305 1908 V.
317 1862 366 1924 294
371 1886 672 1906 ··················
678 1851 812 1917 magnique
826 1853 940 1900 sacerdos

377 1937 488 1988 Phasidis
498 1936 593 1984 Arctois
605 1934 707 1999 Aqttt'tcs
721 1936 819 1986 enabat
827 1933 857 1984 ‘in
872 1935 956 1984 armis.

238 2053 333 2104 Arctois
346 2050 371 2100 in
385 2047 474 2101 annis,
487 2043 505 2094 i.
518 2060 542 2094 e.
556 2046 582 2094 in
596 2045 651 2092 ocis
662 2045 780 2107 Seydtt'ca.

271 2176 305 2226 V.
318 2174 378 2233 3⁰⁴·
389 2174 434 2222 me
445 2187 545 2219 manum
557 2168 682 2235 trepidans
691 2181 766 2234 atque
774 2170 842 2218 inita
854 2187 927 2218 sacro
937 2167 1193 2223 tetendit—Videtur
1203 2184 1296 2224 anctos·

233 2261 268 2312 ob
280 2256 371 2310 oculos
383 2251 506 2305 hahuisse
515 2249 589 2303 huno
601 2249 705 2322 Virgilii
718 2249 820 2314 locum,
832 2255 889 2301 AEu.
904 2249 946 2313 11,
962 2267 1027 2318 ¹²9³

380 2411 526 2425 ..........
541 2391 585 2422 neo
595 2385 618 2422 te
630 2385 669 2422 tnu
678 2353 795 2438 plurima,
812 2375 929 2429 Penthea,

376 2455 501 2500 lubentem
512 2452 586 2514 pietas
597 2449 767 2512 necapolliuis
781 2449 855 2497 insule
866 2450 930 2497 texit.

270 2591 304 2641 V.
316 2589 374 2642 308.
387 2587 488 2638 Genitor
496 2586 560 2652 turpi
568 2587 658 2636 durare
666 2596 773 2636 senecta.
785 2582 938 2648 -Confer,
952 2582 988 2645 V,
1001 2589 1050 2645 24:
1064 2589 1139 2636 Dnret
1148 2598 1174 2634 nr
1182 2587 1295 2638 invalidis

237 2690 261 2726 et
270 2675 350 2724 adbuc
359 2670 476 2738 genitoris
488 2669 581 2735 egenis.

271 2809 306 2860 V.
322 2806 382 2860 313.
395 2807 482 2856 Proeda
485 2803 574 2870 future
585 2821 683 2854 canunt.
694 2806 781 2854 Inveni
789 2823 841 2855 sors
847 2807 974 2872 putctrr'or
981 2807 1049 2855 omni
1052 2825 1062 2862 ,-
1100 2789 1105 2806 ⁸

388 2893 417 2940 Et
425 2901 520 2939 certare
529 2905 603 2938 manu
614 2889 694 2946 decet,
705 2901 729 2938 et
739 2889 848 2938 carnisse
856 2890 974 2954 sepulcro.

234 3014 321 3087 Caspii
341 3011 530 3065 defunctorum
551 3005 679 3062 cadevera
694 3009 722 3060 iu
743 3007 852 3061 desertis
869 3008 933 3062 locis
952 3009 1124 3080 projiciebant
1139 3008 1294 3072 inhumatn;

232 3117 286 3172 quo
298 3098 383 3157 iacto,
398 3110 516 3148 seorsum
528 3089 651 3163 digressi,
664 3092 863 3163 speculabantur
873 3105 1006 3147 eventum.
1018 3092 1045 3145 Si
1058 3092 1196 3146 volucrum
1206 3095 1293 3164 preda

233 3187 306 3237 fieret
320 3195 431 3250 corpus,
443 3177 512 3228 bene
523 3187 595 3228 emt:
611 3175 747 3230 acunibas
761 3187 807 3228 aut
815 3176 877 3229 ieris
885 3174 1005 3228 devorari
1016 3177 1166 3230 luctuosum
1179 3175 1293 3232 habena-
1321 3202 1323 3208 ·

233 3282 283 3320 tur.
297 3265 352 3315 Hac
363 3259 488 3332 opinione
502 3257 618 3312 imbntns
631 3259 782 3322 Gesander,
799 3278 853 3312 uon
869 3280 953 3313 carere
970 3264 1092 3329 sepulcro,
1103 3258 1149 3312 sed
1162 3279 1178 3311 a
1192 3264 1292 3312 canibus

233 3351 320 3402 noron'
332 3342 455 3398 acerbum
469 3342 564 3404 habet,
577 3361 625 3395 nec
637 3344 782 3415 pugnantia
799 3343 930 3416 loquitur,
945 3344 1009 3398 hinc
1023 3346 1123 3399 hostem
1138 3343 1292 3408 irridendo,

232 3449 357 3504 tanquam
366 3431 455 3497 preda
475 3447 563 3478 canum
573 3428 672 3496 jisasms
688 3433 733 3490 sit,
755 3428 826 3482 illinc
845 3429 994 3500 profitendo
1007 3435 1119 3483 decorum
1138 3451 1190 3482 esse
1210 3451 1294 3481 carere.

233 3513 490 3586 reputem—tunsi
508 3531 560 3562 sors
574 3514 700 3580 pulchrior
710 3517 784 3567 omni.
805 3513 865 3566 Non
885 3514 946 3567 sutis
967 3513 1014 3566 sibi
1035 3514 1134 3568 iaciunt
1157 3515 1208 3568 hoc
1233 3514 1292 3568 loco

233 3604 400 3654 Burmannus
413 3615 444 3649 ac
457 3597 620 3667 Wagnerus.
638 3597 694 3666 Ego
714 3596 821 3668 quidem
842 3597 877 3650 sic
896 3596 1027 3670 intelligo:
1045 3602 1114 3648 decet
1132 3601 1199 3648 omni
1209 3601 1294 3666 jrrveni

232 3701 325 3737 certare
339 3701 426 3741 rnenn,
438 3694 489 3734 eto.
501 3679 710 3751 interpunctione
723 3681 759 3733 sic
772 3692 889 3733 mutata:

390 3822 551 3836 ...........
555 3788 660 3842 'lureui‚
676 3803 725 3861 sors
736 3789 869 3849 pulchrior!
882 3789 946 3834 omni

387 3863 415 3908 tn
425 3871 512 3910 certare
524 3879 593 3910 mauu
605 3862 684 3916 decet,
695 3873 717 3909 et
726 3863 826 3910 remisse
835 3861 952 3923 sepulcro.

267 3995 302 4046 V.
314 3991 374 4046 323.
386 3990 485 4044 Confer
499 3989 562 4043 huic
575 3989 688 4042 orationi
702 3989 780 4042 ses-ba
799 3987 911 4042 Numani
931 3986 964 4039 ad
977 3986 1103 4058 Trojanos
1114 3987 1185 4057 apud
1195 3989 1289 4059 Virgil.

234 4081 294 4131 AEn.
304 4075 363 4141 IX,
377 4075 427 4142 598
438 4091 496 4144 sqq.
