3006 4676
278 395 327 460 IN
355 393 431 460 ΠΒ.
456 387 550 458 out.
576 395 809 461 AttG.Nov1
839 395 952 462 EDIT.
977 399 1121 469 NOTAE.
1174 429 1234 473 211

165 507 254 562 Exstat
267 509 296 562 in
308 507 382 560 bunc
396 507 485 560 locum
498 505 601 580 egregia
611 505 727 578 Adolpbi
747 511 845 560 uma·
858 511 890 560 de
904 515 1016 564 amre
1024 513 1169 573 adnotatio.
1184 520 1239 577 Me.

164 593 217 646 rito
227 605 318 646 mouet
332 593 401 645 banc
413 591 539 644 orationis
554 591 754 658 confusionem,
767 596 822 653 ille,
839 597 924 654 AEara,
937 594 1049 651 diversas
1061 615 1181 669 per-sona
1191 599 1239 656 'vo-

165 678 277 744 cabula,
286 676 512 750 perturbationem
524 675 606 728 animi
623 688 684 748 apte
696 677 821 748 pingere3
839 677 996 749 exquisitam
1008 679 1107 735 Medea
1118 683 1152 738 de
1164 699 1240 758 patre

166 761 297 832 loquentis
312 759 498 833 gradationem
514 759 667 827 admiratur,
684 777 743 832 quas
760 761 848 833 primo
865 761 1017 832 gravitatem
1033 768 1117 840 culpe
1135 779 1240 826 tantum

165 843 298 916 cogitans,
315 845 390 896 tersis
410 842 494 896 utitur
512 859 642 916 persona,
650 847 767 913 profuge
784 850 883 914 genitor
901 851 974 898 ntsne'
985 851 1044 911 ille,·
1059 869 1136 915 mox,
1156 873 1240 926 quum

167 929 252 1002 ipsum
264 941 399 1002 tamquam
409 938 563 999 presentem
574 927 654 981 audet
664 927 764 1000 alloqui
773 931 876 990 ,AEeren
886 917 989 984 tairtum
998 933 1116 988 nominat
1125 952 1133 999 3
1142 949 1243 1010 posue

166 1031 227 1078 mo,
237 1013 314 1084 quasi
327 1011 450 1085 lacrymis
458 1029 489 1065 ae
499 1010 592 1064 dolore
602 1023 704 1084 patrem
714 1013 764 1065 sibi
774 1011 895 1066 rideatur
904 1013 1068 1087 aliquatenus
1082 1019 1240 1092 placarisse,

167 1095 220 1150 boc
227 1099 310 1164 patris
323 1113 420 1149 nomeu
434 1095 522 1148 liberis
533 1095 618 1168 culpas
631 1095 742 1150 consciis
754 1097 869 1150 maxime
877 1099 1023 1156 serendum
1032 1091 1154 1176 prolerre
1166 1107 1243 1162 susti.

170 1191 233 1235 aet:
247 1199 279 1231 rae
290 1183 362 1232 crede
369 1220 377 1242 ,
385 1194 469 1248 pater.

202 1265 266 1320 llec
288 1263 400 1318 feliciter
418 1263 520 1317 invenit
538 1263 710 1338 exposuitque
728 1261 868 1337 Adolpbus
889 1269 989 1317 Dureau
1009 1269 1041 1320 da
1059 1273 1179 1324 Lamalk.
1202 1271 1242 1328 Eo

167 1349 292 1403 libentius
314 1347 418 1402 laudem
440 1347 551 1402 merenti
572 1365 644 1401 nunc
666 1347 808 1402 tribuimus
826 1347 902 1414 viro,
922 1347 995 1420 quod
1015 1363 1147 1407 ementem
1169 1354 1244 1410 insiti

166 1449 239 1506 use
254 1431 481 1506 remouens

203 1580 237 1634 V.
255 1583 295 1634 16.
304 1583 390 1641 Dicit,
403 1595 428 1634 st
437 1583 566 1632 Haemonio
573 1599 702 1647 nusquam
712 1583 849 1656 spernendo
858 1584 959 1634 mariae.
970 1613 1004 1624 ..-
1014 1583 1093 1640 coflf,
1106 1586 1155 1651 vl,
1173 1591 1224 1644 500
1233 1610 1239 1645 :

169 1683 283 1733 spernere
292 1683 336 1716 uec
347 1683 450 1732 mquam
464 1666 582 1715 Merrdaai
588 1665 687 1732 captiva
695 1665 760 1714 arira.

204 1801 238 1854 V.
251 1819 292 1854 so.
302 1804 363 1852 inde
371 1805 440 1852 vetar
450 1815 515 1852 torto
525 1804 656 1851 lariorum
667 1815 747 1851 encta
753 1803 869 1870 flagello.
879 1831 913 1844 -·
924 1803 1040 1858 Burman
1045 1823 1095 1860 utta
1109 1823 1190 1860 erecta
1200 1828 1243 1862 ex·

170 1883 270 1957 plicat:
295 1909 306 1931 ι
321 1884 406 1947 lecto,
419 1901 500 1955 quem
516 1880 680 1954 gemebunda
698 1895 845 1955 presserat,
859 1885 967 1939 excitata
979 1913 1000 1940 a.
1021 1889 1072 1941 Per
1086 1909 1147 1944 earu
1165 1892 1244 1964 igitur

170 1987 224 2020 uon
235 1979 302 2032 stat,
315 1967 381 2040 quin
393 1965 516 2020 Medeam
529 1969 651 2034 epulatio
661 1969 776 2035 prosilire
788 1986 850 2022 cum
862 1969 1004 2041 Wagnero
1022 1972 1165 2047 intelligam
1182 1976 1244 2031 vide

168 2068 259 2120 supra,
270 2049 316 2104 lib.
326 2049 415 2114 VIII,
434 2063 488 2103 not.
504 2067 553 2114 ²03
566 2049 646 2122 hujus
657 2049 708 2103 vol.
722 2069 783 2123 pag.
799 2069 856 2122 17²·

203 2176 238 2230 V.
250 2196 279 2232 st
283 2213 399 2231 .......
414 2181 520 2229 mendo
532 2179 613 2245 quatu
623 2180 686 2244 pede
696 2179 795 2246 prosilit
806 2183 852 2228 Ino

291 2266 414 2334 infretis,
425 2265 550 2331 moperri
557 2267 666 2316 mertinis
674 2265 808 2315 anauniae
816 2269 871 2316 uati
878 2304 885 2326 ,

293 2353 372 2416 Quem
380 2363 461 2409 tenet,-
469 2363 606 2400 nmmum
615 2349 776 2417 eorrjaxfers't
783 2351 867 2400 urebas
877 2353 996 2406 Isthmon.

170 2479 181 2502 ι
192 2453 287 2521 Poeta,
298 2454 386 2527 iuquit
398 2454 572 2525 Wagnerus,
590 2451 712 2506 Medeam
727 2467 865 2526 comparat
881 2473 942 2508 cum
959 2459 1062 2525 Inone,
1076 2463 1243 2521 Athamantis

168 2539 297 2610 conjuge,
306 2538 371 2610 qui,
385 2555 470 2610 quum
482 2555 497 2588 a
510 2537 616 2590 lunone
630 2537 658 2588 iu
673 2537 790 2590 imorem
805 2547 881 2590 sotus
894 2551 973 2603 esset,
986 2560 1094 2598 uxorem
1104 2565 1153 2617 pro
1162 2548 1243 2606 leuna

167 2619 286 2678 habitam
295 2634 470 2694 persequutus
483 2631 537 2674 est:
550 2622 626 2693 cujus
639 2619 692 2674 iras
705 2621 844 2687 evitatura,
852 2620 938 2676 Furiis
953 2635 979 2677 et
995 2625 1050 2695 ipsa
1064 2626 1158 2698 agitata
1173 2633 1242 2709 ine,

168 2707 196 2762 io
214 2707 276 2764 sinu
293 2724 387 2778 gerens
406 2705 518 2760 [ilicium
534 2703 696 2758 Melicertam
717 2706 797 2772 (nam
815 2705 945 2769 altarum,
963 2707 1132 2777 Iearcbum,
1152 2717 1242 2786 paullo

168 2801 230 2845 ante
241 2791 368 2844 Athamas
376 2801 533 2860 ¹surreptum
548 2807 611 2842 saxo
628 2787 760 2849 alliserat;
774 2787 835 2842 ride
853 2805 948 2860 supra,
968 2791 1019 2858 III,
1038 2796 1101 2864 68),
1115 2797 1148 2850 ad
1168 2817 1242 2858 mm

167 2873 336 2946 properarit,
352 2884 378 2924 et
393 2887 454 2925 cum
465 2872 522 2943 ipso
534 2871 645 2944 puerulo
659 2871 687 2922 in
702 2888 775 2922 mare
789 2889 817 2924 se
827 2871 988 2943 precipitem
1000 2873 1073 2929 dedit
1087 2898 1101 2930 e
1112 2884 1220 2952 scopulo
1232 2905 1241 2950 ς

168 2975 228 3030 qun
243 2956 329 3010 omnia
347 2957 457 3010 uberius
474 2967 626 3008 narrantem
646 2953 756 3006 consule
769 2953 911 3020 Ovidium,
926 2955 1034 3010 Metam.
1059 2961 1109 3024 tv,
1130 2969 1182 3025 416
1200 2985 1241 3040 sq·

168 3043 225 3096 lam
242 3059 305 3095 vero
323 3041 399 3113 plana
420 3040 526 3102 omnia,
543 3039 681 3092 obscurius
703 3051 790 3089 tamen
807 3035 915 3103 ultima,
932 3057 958 3091 v.
979 3040 1026 3103 23,
1041 3043 1132 3096 extulit
1147 3060 1240 3117 poeta:

168 3139 303 3177 artemam
315 3126 408 3190 conjux
418 3123 484 3188 sarit
503 3125 584 3173 irrisus
598 3125 717 3174 Isthmon.
730 3121 897 3174 Burmannus
912 3121 947 3174 ita
964 3123 1093 3196 explieat,
1112 3141 1142 3181 ut
1159 3119 1240 3186 Arba.

169 3221 283 3263 mantem
298 3207 332 3262 ad
346 3219 488 3260 extremam
500 3205 582 3258 litoris
593 3224 667 3258 oram
680 3204 842 3270 substitisse,
853 3217 879 3258 et
891 3207 980 3260 lurore
991 3209 1080 3276 inani,
1095 3213 1168 3284 quod
1181 3235 1240 3271 eva.

168 3293 231 3346 serit
239 3291 361 3344 manibus
375 3293 489 3365 conjux,
500 3289 613 3361 pedibus
626 3288 743 3362 pulsasse
754 3304 852 3344 terram
862 3292 1001 3346 existimet.
1014 3293 1081 3346 Mihi
1090 3309 1178 3352 autem
1189 3299 1242 3356 Va·

169 3376 249 3430 letius
258 3373 443 3428 Athamantem
452 3373 490 3426 ita
502 3391 586 3444 prope
597 3372 660 3426 Inus
672 3373 786 3444 vestigiis
797 3374 962 3430 insistentem
974 3377 1077 3430 videtur
1090 3381 1240 3450 induxisse,

169 3471 198 3512 ut
210 3477 271 3514 ense
289 3459 392 3511 sublato
411 3459 495 3528 ipsam
512 3455 600 3509 adhuc
617 3467 726 3528 tangere
743 3468 822 3530 atque
837 3460 915 3512 ferire
932 3461 1065 3531 crederet,
1083 3466 1137 3518 ictu
1152 3480 1241 3524 tamen

169 3543 241 3596 inani
255 3543 283 3595 iu
297 3555 443 3596 extremum
457 3541 595 3612 scopulum
609 3539 826 3596 debaccharetur.
840 3567 850 3588 ι

204 3669 238 3723 V.
251 3688 292 3739 ²9·
310 3674 401 3722 Velatis
419 3673 531 3721 cornibus
554 3683 578 3719 et
593 3671 652 3736 jam
671 3675 741 3720 Luna
761 3674 842 3722 veuit.
855 3669 962 3724 -Hac
976 3671 1066 3743 'turego
1083 3676 1173 3729 Dianae
1186 3697 1241 3750 pr·

168 3751 328 3806 rmecundia
338 3753 397 3806 velo
407 3763 485 3824 caput
499 3751 655 3804 obducentis
666 3753 804 3824 ,quamvis
816 3751 934 3826 jucunda
944 3795 951 3820 ,
963 3771 1017 3808 nou
1030 3755 1168 3812 Heinsium
1184 3763 1241 3834 pla.

168 3854 228 3890 care
240 3837 341 3908 potuit,
352 3835 397 3908 qui
411 3833 570 3908 conjiciendi
580 3833 691 3888 libidine
700 3835 820 3906 pruriens
828 3837 952 3908 proponit
963 3833 1033 3891 alatis
1042 3847 1168 3906 cornibus,
1178 3857 1242 3902 tam.

168 3937 248 3992 quam
261 3920 346 3974 Diana
357 3919 452 3972 talibus
463 3932 575 3985 assueta,
587 3921 656 3972 elato
666 3919 752 3992 capite
762 3921 884 3974 inviseret
894 3934 1036 3976 amantem.

203 4041 237 4092 V.
249 4041 292 4096 35.
305 4047 358 4096 Icta
372 4047 459 4095 timore
471 4045 542 4114 gravi
554 4047 660 4096 medians
672 4062 697 4094 re
710 4046 817 4097 immisit.
831 4076 865 4088 -
876 4045 970 4100 Varias
983 4046 1109 4102 lectiones
1124 4053 1240 4107 consule.

168 4123 258 4178 Lectio
267 4139 324 4176 acta
334 4125 427 4178 melius
438 4126 611 4181 conveniebat
620 4145 683 4181 cum
693 4127 863 4198 sequentibus
872 4167 881 4194 ‚
892 4133 998 4182 radium
1006 4151 1032 4184 ra
1041 4135 1242 4210 inmisi15qoam

1061 4239 1108 4312 14.
