3022 4678
439 386 564 451 NOVI
597 383 844 449 EDITORIS
874 381 1030 447 NOTAE.
1203 379 1263 470 157

241 523 276 575 V.
289 519 348 589 359.
361 524 442 571 Durat
453 521 550 584 editque
563 534 642 566 auor.
652 545 687 554 -
696 512 849 586 Legendnm
861 529 957 565 censeo
970 531 1032 565 cum
1043 509 1132 565 Buloeo
1145 523 1172 566 et
1184 513 1266 567 Hein-

206 606 244 657 rio
255 607 309 656 alit.
319 603 359 656 Ea
374 599 508 655 estvnic.
526 597 587 652 eod.
607 596 733 669 eor-{ptura
744 634 752 660 ,
765 608 794 649 ut
806 599 853 649 alit
862 609 888 651 et
900 599 953 648 edit
965 595 1095 669 potuerint
1111 597 1188 650 facile
1203 616 1266 652 eon·

206 685 292 738 fundi.
304 688 356 736 Alit
364 684 399 736 ite
412 683 539 754 seriptum
551 699 606 734 esse
616 679 643 733 in
651 679 738 748 vetio.
750 678 809 733 eod.
817 679 955 734 verisimile
967 693 1023 747 est,
1034 691 1064 734 ut
1076 679 1151 734 litere
1163 701 1181 732 a
1191 699 1266 752 snpe-

207 765 272 818 riori
290 775 364 835 perte
377 763 494 830 detecta,
511 761 615 817 duobus
630 761 706 816 lineis
724 773 869 826 oonttnret,
892 782 1006 836 querum
1027 763 1100 836 prior
1114 764 1171 817 vise
1190 765 1267 828 site,

207 847 337 920 posterior
355 863 417 900 vero
439 865 501 901 eum
520 846 594 900 litere
614 851 625 899 1
644 847 800 922 conjuncte,
817 846 906 900 habite
927 847 962 902 sit
980 864 1030 918 pro
1047 851 1075 910 d,
1092 845 1144 902 hac
1163 847 1218 902 iere
1235 847 1267 900 fi-

207 950 291 1004 gure:
304 933 363 984 ertit.

243 1072 276 1124 V.
286 1070 348 1142 375.
360 1073 445 1137 Qualis
453 1073 535 1123 edisne
544 1085 638 1123 meree
645 1071 957 1139 supnsqnmpaiiidafstss

360 1159 440 1206 Meter
449 1157 482 1206 ob
491 1157 586 1206 eeeetso
594 1157 716 1222 produn-it
724 1157 749 1204 in
759 1173 818 1204 aere
828 1156 901 1213 nido,

359 1241 529 1304 Hortatnrque
539 1240 620 1304 sequi,
631 1240 784 1306 brevibusque
792 1239 915 1306 insurgere
919 1239 1013 1304 pennis.

213 1385 224 1407 ι
235 1359 268 1412 ln
281 1357 365 1432 priori
379 1359 525 1426 versiculo,
536 1359 622 1432 inquit
634 1360 805 1430 wagner-us,
819 1358 853 1412 N.
868 1357 1005 1425 Heinsius,
1015 1358 1060 1430 qui
1070 1361 1178 1414 omnino
1187 1361 1272 1418 nodos

210 1443 283 1498 hnud
293 1463 355 1498 raro
367 1463 486 1518 querere
503 1455 573 1498 emet
589 1444 617 1497 in
632 1445 733 1516 scirpo,
742 1445 784 1497 vei
800 1441 889 1496 invitis
905 1443 1065 1496 membranis
1077 1460 1127 1513 pro
1136 1465 1273 1513 supremum

209 1525 261 1598 legi
269 1527 343 1599 jubet
355 1531 397 1578 nbi
404 1530 526 1596 primum,
539 1547 593 1601 quo
608 1527 715 1580 tibicine
728 1544 795 1599 opus
809 1543 863 1578 non
875 1537 923 1579 est.
936 1523 1007 1579 Illud
1019 1529 1075 1588 ubi,
1086 1527 1159 1599 quod
1169 1528 1272 1584 deeide·

211 1621 253 1662 ret
267 1609 405 1674 Heinsius,
421 1621 460 1662 est
475 1610 503 1663 in
523 1613 617 1678 qualis,
629 1608 703 1682 quod
718 1627 788 1681 ssepe
800 1609 835 1662 ite
852 1627 900 1679 pro
914 1611 979 1660 sieut
990 1609 1019 1660 in
1035 1613 1274 1682 comparationibus

212 1693 333 1765 usurpari
344 1693 420 1747 solet.
437 1693 517 1760 Quod
531 1694 552 1746 si
565 1691 644 1765 igitur
656 1691 764 1764 disjecta
779 1703 861 1764 poete
874 1693 992 1745 membre
1004 1691 1040 1744 ite
1055 1692 1083 1745 in
1099 1691 1220 1747 ordinem
1230 1713 1274 1748 eo·

212 1793 271 1846 gns,
279 1777 367 1830 omnin
378 1776 488 1830 hebebis
498 1778 575 1848 piens
585 1787 611 1828 et
619 1775 766 1848 perspicua.
777 1801 790 1822 ι
800 1775 925 1848 Sequitur
934 1775 1113 1848 interpretatio
1124 1795 1202 1850 quem
1213 1779 1275 1834 vide

214 1877 262 1912 sno
274 1859 347 1922 loeo,
358 1875 421 1932 ρας.
438 1861 497 1914 123.
508 1858 589 1913 Addit
596 1860 768 1933 Wagnerus:
780 1882 791 1906 ι
801 1859 862 1912 Non
871 1869 942 1926 eret,
950 1856 1023 1932 qnod
1034 1860 1152 1914 Jortinus
1163 1861 1190 1913 in
1199 1861 1274 1916 Miro.

214 1942 291 1996 Obss.
309 1943 349 1995 1v
352 1981 361 2007 ,
376 1961 441 2013 190,
460 1944 553 2015 reponi
568 1944 672 2017 juberet
687 1947 793 2005 callide,
810 1942 886 2006 ideo,
899 1941 973 2016 qnod
982 1942 1074 1997 Venus
1089 1963 1143 1998 non
1160 1947 1277 2016 potuerit

214 2025 268 2079 diei
278 2030 386 2095 polida.
405 2027 505 2093 Quidni
520 2027 600 2080 sero?
612 2025 731 2081 nondum
743 2026 822 2098 ¹enirn
841 2037 897 2079 tum
911 2039 982 2080 certa
1000 2028 1081 2082 enimi
1094 2027 1193 2083 Medea
1205 2041 1277 2096 ent,

215 2123 316 2162 tremens
326 2109 394 2165 adeo
402 2111 563 2177 nominatur,
571 2129 598 2164 v.
610 2111 660 2180 394
671 2137 690 2162 ι.

229 2251 232 2256 Α
250 2191 327 2247 conf.
337 2192 417 2248 ovid.
425 2193 533 2248 Metam.
543 2193 621 2260 vm,
633 2195 683 2247 213
693 2211 702 2246 ι

369 2345 687 2360 .....................
701 2313 766 2360 relnt
775 2312 837 2368 tiss,
850 2312 881 2358 nb
892 2312 940 2358 sito

366 2387 423 2444 Qnse
434 2397 538 2434 tenerem
548 2387 640 2450 prolem
649 2387 753 2450 producit
763 2389 788 2432 in
799 2402 853 2432 aere
865 2386 932 2440 nido,

365 2464 516 2526 [tenentque
526 2465 598 2524 sequi.

218 2587 293 2642 ilnne
312 2587 402 2642 Ovidii
419 2590 645 2661 comparationem
666 2589 744 2642 eiiert
764 2605 871 2660 quoque
891 2588 1076 2651 Burmannus,
1096 2587 1130 2641 de
1146 2607 1200 2660 quo
1215 2589 1280 2661 qnid

219 2672 331 2744 cogitem
344 2672 452 2739 neseio,
465 2691 498 2725 en
516 2672 659 2726 cecutierit
675 2671 704 2724 in
716 2671 855 2726 latrocinio
871 2683 924 2724 tem
940 2670 1096 2736 manifesto,
1112 2691 1147 2724 en
1160 2672 1282 2726 conscius

219 2752 380 2817 contriverit,
398 2751 432 2808 de
449 2754 552 2807 silentio
565 2755 658 2826 ntique
674 2773 729 2806 non
742 2752 917 2807 excusandus.
932 2751 1017 2806 Pudet
1026 2753 1177 2822 Valerium,
1191 2767 1282 2810 certem

219 2851 341 2904 gravem,
351 2853 426 2889 reum
443 2837 528 2910 culpe
541 2836 755 2910 deprehendere,
768 2855 848 2908 quern
862 2837 943 2890 tironi
954 2837 1092 2890 metricum
1110 2857 1221 2908 pensum
1234 2838 1282 2892 de·

220 2919 372 2991 properanti
382 2919 426 2972 vix
437 2917 762 2993 ignoscas-erevibnsqne
771 2924 895 2989 insurgere
899 2923 993 2987 pennis.
1006 2919 1141 2972 Valerium
1151 2939 1282 2991 agnoseo:

221 3001 258 3056 sie
271 3023 339 3077 sepe
351 3005 493 3076 cogitatum
506 3003 615 3059 aliunde
632 3005 758 3076 petitum,
771 3003 879 3075 proprie
896 3002 1024 3075 elegantia
1040 3013 1163 3058 ornntnrn
1178 3002 1213 3056 ed
1228 3004 1283 3058 exi·

221 3085 353 3142 mietntem
367 3087 497 3161 perducit.

257 3241 288 3288 V.
300 3237 359 3290 382.
372 3239 420 3287 Hie
431 3239 517 3288 irenem
528 3251 644 3288 exn-ome
655 3239 820 3305 nequidquam
829 3239 855 3286 in
865 3238 1035 3304 iimineportre
1104 3219 1106 3232 Ι

370 3323 485 3372 Srtbttt'tt't.

225 3443 349 3490 extreme
360 3457 414 3491 non
430 3450 468 3492 est
481 3457 563 3494 veenn
578 3458 656 3494 sensn
665 3459 715 3493 vox
726 3479 735 3506 ,
748 3452 775 3494 nt
790 3440 873 3511 possit
883 3437 983 3505 rideri,
993 3438 1040 3492 sed
1053 3437 1106 3490 hoe
1117 3439 1176 3492 loeo
1186 3438 1286 3510 aptissi-

224 3540 282 3588 ωε,
294 3520 430 3595 pingitque
441 3524 562 3578 Medeam
573 3523 691 3576 nondum
701 3523 810 3595 quidem
819 3541 964 3594 egressam,
973 3521 1019 3574 sed
1029 3521 1057 3574 in
1070 3521 1162 3574 limine
1172 3533 1288 3574 extremo

225 3605 389 3676 pendentem.
409 3613 526 3661 Extremo
542 3612 621 3661 lirini
631 3607 771 3674 respondet
778 3611 886 3675 prinum
899 3610 991 3666 limem
1003 3605 1028 3667 1,
1043 3623 1108 3675 7⁰9,
1119 3608 1249 3673 primoque
1262 3609 1287 3655 in

223 3693 308 3744 limine
319 3691 413 3746 Acesti.

250 3813 294 3894 IV.
309 3843 359 3908 39⁰
362 3879 577 3896 .............
583 3857 768 3911 monstrataque
779 3847 884 3894 condere
895 3847 978 3894 metue

369 3933 489 3988 Numina,
502 3949 604 3997 eumque
612 3933 661 4005 suis
670 3931 747 3980 averti
755 3931 855 3979 collibus
865 3945 956 3978 amnes.

229 4043 359 4095 Nonius
378 4042 414 4094 nii
437 4055 521 4095 mutet
548 4045 605 4112 (sio
621 4045 812 4114 Wagnerus)‚
834 4055 860 4096 et
883 4019 1018 4094 nsonstratn
1038 4041 1139 4092 erramina
1159 4037 1236 4090 sumit
1258 4037 1292 4092 de

228 4125 309 4179 steiiis
318 4163 326 4189 ,
343 4141 415 4197 qute,
431 4144 514 4197 quum
532 4127 632 4198 fulgere
650 4127 690 4178 vix
706 4127 857 4197 caepissent,
875 4143 937 4178 mox
955 4133 1014 4195 post
1031 4121 1115 4175 nubes
1132 4119 1293 4172 recesserint.
