3002 4680
416 391 806 457 ARGONAUTICON
834 392 920 456 LlB.
940 389 1000 455 v1.
1203 391 1243 458 53

222 523 306 585 Ante
315 519 447 606 videns3
461 537 607 610 quotque
622 544 709 606 unus
725 543 845 608 equos,
862 537 944 610 quot
954 520 1107 587 funderet
1119 545 1226 606 urina,

222 637 426 726 Orantesque
440 639 527 702 viros
543 659 641 725 quam
658 636 765 702 densis
782 653 940 702 sterneret
951 636 1068 702 hastis:

222 751 360 840 Quaque
377 750 495 816 iterum
511 752 609 818 tacito
626 752 742 842 sparsit
757 774 836 842 vaga
852 752 976 817 lumina
991 753 1104 834 vultu,

222 868 288 931 Aut
302 866 408 932 fratris
424 889 591 954 quaerens,
605 884 662 932 aut
675 868 760 955 pacti
774 867 920 956 conjugis
932 889 1037 950 arma,
1208 881 1245 922 ⁵⁸⁵

222 981 330 1047 Soerus
345 981 392 1047 ibi
407 983 531 1048 miserae
547 984 701 1072 solusque
719 983 860 1047 ocotrrrit
876 983 982 1050 Iason.

224 1097 319 1160 Tunc
332 1095 384 1160 his
399 1119 585 1186 germanam
601 1095 803 1186 aggreditur,
820 1119 881 1162 ceu
893 1097 1016 1180 nescia,
1029 1097 1142 1163 dictis:

221 1211 347 1292 «Quis,
364 1233 495 1299 precor,
511 1209 582 1293 hic,
601 1225 672 1276 toto
685 1211 751 1291 jam
768 1209 895 1277 dudum
911 1213 1035 1277 fervere
1053 1233 1168 1302 eampo

224 1326 331 1409 Quem
349 1340 456 1408 tueor,
475 1348 639 1415 quemque
657 1327 726 1416 ipsa
742 1325 855 1392 vides?
871 1349 947 1390 nam
969 1343 1001 1391 te
1017 1349 1149 1416 quoque
1165 1327 1219 1392 tali

220 1440 401 1505 Attonitum
416 1441 537 1505 virtute
555 1463 629 1504 reor
640 1471 664 1506 ν.
682 1442 804 1504 Contra
821 1462 932 1527 aspera
944 1441 1030 1506 luno
1207 1461 1246 1512 ⁵90

221 1553 339 1618 Reddit
356 1576 453 1644 agens
470 1555 627 1636 stimulis,
643 1576 680 1618 ac
698 1551 777 1619 diris
795 1552 964 1617 fraudibus
982 1569 1096 1642 urget:

222 1668 370 1756 «Ipsum,
384 1667 445 1750 ait,
459 1667 641 1732 AEsoniden
656 1665 779 1747 cernis,
794 1689 898 1748 soror,
913 1689 1043 1755 aequore
1057 1681 1149 1730 tanto

211 1877 263 1924 sta.
276 1877 372 1925 Fuderst
385 1893 458 1922 erata.
468 1875 544 1923 Vatis.
558 1877 648 1922 Bonon.
665 1874 735 1923 codd.
749 1877 840 1922 Bonum
855 1876 865 1921 l
882 1885 905 1922 et
917 1877 950 1924 11.
962 1879 1027 1932 lunt.
1045 1878 1130 1924 Masen
1144 1877 1244 1940 Eugent.

178 1981 209 1993 -
217 1955 271 2006 583.
282 1959 437 2018 Errantesque
445 1957 515 2000 viros.
526 1955 612 2001 snbell.
625 1954 743 2002 Pulsatae.
758 1953 811 2002 ald
825 1955 923 2000 susem
933 1955 1095 2002 hastinvuic.
1107 1955 1161 2004 cod.
1175 1958 1248 2002 Siste·

177 2045 211 2082 ret
219 2038 298 2082 ermis.
307 2037 399 2082 Bonon.
407 2035 460 2084 eod.
470 2037 561 2082 Boron.
571 2037 582 2081 l
594 2044 618 2080 et
626 2035 664 2090 11,
676 2045 700 2082 et
711 2033 767 2083 edd.
777 2043 832 2082 ants
839 2035 905 2081 Gerr.
918 2034 964 2082 llo.

178 2226 305 2298 impetum
325 2226 460 2290 facturus,
476 2219 542 2279 nune
555 2247 604 2296 quo
617 2229 693 2280 diuer-
737 2241 816 2282 tama
827 2227 948 2293 lunone,
962 2227 1105 2296 aggnetm
1112 2225 1196 2286 dietis,
1206 2244 1249 2278 eea

178 2327 220 2358 sus
236 2308 325 2364 abiret,
337 2304 389 2358 alio
402 2306 461 2359 loco
475 2325 569 2361 manus
584 2325 689 2360 conser-
736 2307 835 2369 nescia,
848 2307 924 2377 quasi
937 2325 991 2358 uon
1009 2315 1096 2358 comt
1108 2305 1249 2370 iasonem,

177 2397 254 2437 turus
263 2393 343 2446 esset,
351 2389 508 2438 antevidens
516 2425 524 2448 ,
533 2385 690 2461 conjiciens,
735 2385 834 2459 optime
847 2396 937 2439 autem
950 2395 1070 2438 noverat.

178 2463 482 2534 suspicans,quctequos
492 2484 570 2526 unus,
581 2479 691 2534 quotar·
772 2467 832 2536 590·
847 2469 936 2517 coma
951 2471 1016 2516 Iuno
1033 2481 1140 2532 aspera,
1155 2461 1249 2516 crude·

179 2545 354 2612 mafitrrderec,
368 2543 473 2597 lanceas
487 2543 605 2598 hostium
619 2545 691 2596 iran·
735 2543 766 2598 lis
777 2543 840 2598 satis
851 2581 859 2608 ,
872 2562 930 2615 quae
940 2543 1058 2614 animum
1072 2541 1181 2612 virginis
1190 2560 1252 2613 per·

179 2633 266 2694 geret,
285 2641 359 2686 quam
377 2626 474 2685 densis,
490 2623 584 2676 crebro
596 2623 693 2696 repeti·
735 2625 872 2678 turbatum
884 2622 967 2694 megis
978 2621 1114 2692 instigaret
1124 2659 1131 2686 ,
1141 2638 1172 2672 ac
1189 2623 1248 2672 diris

179 2702 213 2754 tis
222 2739 230 2765 ,
238 2701 314 2751 lastis
323 2701 392 2752 uirus
406 2717 523 2755 sterneret
532 2717 631 2754 orantes
637 2725 648 2764 ,·
660 2720 692 2755 eo
729 2705 863 2773 fraudibus
874 2716 985 2772 urgeret,
1000 2700 1056 2754 hec
1068 2699 1148 2754 verba
1158 2703 1250 2760 reddit,

180 2779 276 2851 adigit,
287 2790 316 2828 ut
324 2778 359 2832 de
369 2781 420 2834 vita
434 2779 622 2853 supplicentur.
705 2772 707 2778 ’
736 2779 878 2854 respondet
885 2781 938 2845 ita,
948 2791 978 2833 ut
988 2778 1090 2832 laconis
1100 2776 1190 2832 laudes
1199 2776 1253 2830 cal-

217 2858 278 2925 584.
297 2863 402 2928 Qrtaque
413 2863 500 2912 iterum
513 2863 586 2911 tacito
605 2861 694 2929 sparsit
736 2860 789 2915 lide
802 2871 905 2933 augeat.

181 2957 252 3008 vaga
263 2943 355 2993 lumina
371 2943 457 2998 culm,
470 2938 492 2991 si
510 2936 618 3009 quando
630 2954 693 2991 ocu·
772 2941 924 3012 592.1psnn
935 2939 1070 2989 AEsoniden
1080 2939 1176 2996 cernis,
1191 2935 1250 2988 lun·

180 3017 221 3071 los
230 3019 281 3073 alio
291 3018 469 3082 circumtulit,
480 3015 527 3071 sed
543 3021 627 3078 tacito,
637 3035 692 3070 nou
735 3017 853 3072 dandum
863 3034 924 3070 eum
936 3013 962 3067 1⁰
971 3015 1007 3068 ob
1018 3024 1169 3086 susceptum
1178 3014 1247 3066 tanti

180 3097 217 3152 ita
233 3098 346 3172 cupido,
366 3097 477 3170 fugitivo
494 3103 587 3160 uulua,
610 3097 692 3150 animi
737 3098 848 3171 periculi
860 3097 930 3158 im
943 3113 1043 3164 sepsere
1053 3108 1133 3155 tanto,
1147 3111 1196 3164 per
1211 3103 1251 3146 tot

181 3177 280 3232 aflectu
299 3179 375 3233 vultu
392 3196 531 3251 expresso,
552 3179 693 3248 autfranr's
737 3177 836 3243 maria,
851 3177 932 3227 debita
951 3171 1117 3245 cognationis
1127 3173 1187 3244 jure
1198 3171 1252 3224 arel·

180 3259 409 3331 Absyrtiquoerem
419 3297 426 3318 ,
438 3259 562 3326 autperti
570 3259 691 3326 eonjttgis,
737 3260 790 3310 iera
801 3255 895 3322 Phryxi
906 3253 1024 3325 repetit3
1044 3251 1113 3306 s⁰ob
1130 3249 1254 3303 nobilita·

181 3338 272 3410 sponsi
284 3338 345 3392 Stiri
354 3375 362 3402 ,
377 3353 461 3398 anna,
477 3354 519 3388 res
532 3337 566 3389 ab
580 3349 694 3407 utroque
737 3347 792 3388 tem
806 3333 923 3408 generis:
943 3351 989 3384 nec
1005 3351 1071 3384 nunc
1088 3334 1164 3384 laude
1181 3331 1251 3398 prior

182 3417 285 3472 fortiter
295 3429 487 3490 gestus,soerus
500 3417 533 3467 ibi
544 3417 639 3468 rru'seroe
652 3436 695 3467 so·
736 3419 848 3485 gener-is,
865 3433 911 3466 nec
932 3413 1061 3482 sanguinis
1086 3428 1189 3478 usquam
1213 3408 1255 3476 (si

182 3500 272 3564 iusque
286 3499 391 3548 occurrit
403 3501 489 3547 Iason.
502 3494 636 3548 iunxerim
649 3514 696 3546 soe·
740 3513 793 3566 qus
804 3493 905 3567 generis
918 3503 946 3544 et
958 3489 1093 3562 sanguinis
1102 3487 1253 3543 differentia

182 3595 236 3626 rum
248 3580 344 3629 misera
352 3614 361 3636 ,
370 3575 422 3628 hoc
433 3591 527 3628 musa:
542 3573 628 3628 solum
640 3593 697 3648 spe·
740 3571 882 3646 querenda
890 3571 938 3637 sit,
948 3569 1116 3642 quodtamen
1125 3587 1179 3621 nun
1187 3565 1254 3620 adeo

181 3667 236 3708 ctat
247 3674 325 3718 euru,
343 3655 389 3726 qui
407 3665 497 3707 tamen
515 3672 576 3706 mox
595 3653 644 3724 ipsi
658 3664 696 3706 tot
740 3651 917 3706 necessarium
934 3665 992 3702 esse
1009 3646 1123 3714 videtur,
1146 3642 1254 3698 accede·

182 3752 306 3786 umerum
324 3747 403 3804 atque
420 3731 597 3804 periculorum
615 3751 695 3787 causa
739 3751 794 3785 rem
808 3729 945 3793 Harlesio,
958 3727 1005 3800 qui
1024 3728 1074 3780 ita:
1087 3743 1165 3780 nemo
1182 3725 1252 3778 iuter

182 3813 286 3866 iuturus
298 3811 563 3884 sit-Praepropere,
576 3823 605 3864 ut
618 3809 694 3864 nobis
738 3821 886 3883 pugnantes
896 3810 996 3881 majore
1008 3805 1087 3860 laude
1099 3804 1207 3877 generis
1214 3821 1255 3856 or·

182 3891 467 3964 videtur,Wagnerus
481 3891 515 3944 de
529 3891 633 3945 insonis
651 3909 696 3944 sae-
739 3902 833 3961 rusque
851 3888 1004 3943 nobilitatus
1024 3898 1050 3939 et
1071 3885 1176 3938 celeber
1196 3895 1253 3948 est,

183 3969 246 4024 vitia
254 3986 327 4023 nnuc
335 3971 433 4042 cogitat
443 3986 450 4022 ε
460 3990 549 4032 savus,
558 3970 611 4024 lroe
621 3970 695 4034 loco,
739 3987 818 4022 nemo
831 3967 935 4022 arctiori
949 3963 1150 4021 necessitudinis
1165 3962 1254 4014 rincu-

185 4047 256 4102 idem
265 4060 304 4102 eat
313 4047 385 4120 quod
395 4052 516 4102 terribilis.
526 4051 576 4103 En,
740 4048 767 4101 lo
784 4047 860 4101 nohis
874 4049 996 4120 junctus)
1004 4065 1012 4113 ;
1020 4043 1049 4096 3·
1061 4042 1096 4096 ob
1108 4039 1255 4115 pulchritu-

222 4128 282 4198 587.
298 4127 698 4198 hechisgrrmanammimula·
741 4125 851 4190 dinem;
880 4129 979 4190 nissae
1008 4128 1072 4176 inter
1094 4137 1254 4189 proceresque
