3006 4676
425 348 806 434 Anconiurlcon
838 322 1043 431 unviu.
1204 367 1266 432 203

239 501 445 584 Terrificent‚
463 524 646 591 magnoque
660 503 765 590 impar
782 501 908 590 urgeris
923 499 965 564 ab
984 499 1103 564 hoste?

240 618 340 707 Finge
362 633 445 681 rates
466 617 557 699 alies,
575 633 608 680 et
625 616 733 681 adhuc
752 616 872 696 majora
888 615 975 680 coire

240 733 397 822 Agmina3
417 732 504 796 nulia
522 729 627 796 fides?
654 731 750 796 nullis
767 753 827 821 ego
844 729 941 820 digne
956 729 1108 819 periclis?
1228 745 1267 791 tto

241 848 315 912 Non
333 847 438 912 merui
454 863 661 935 mortemque
676 864 766 912 tuam
781 840 1179 934 comitumque'tuorum?

240 963 363 1026 Vellem
380 960 532 1049 equidem
552 965 655 1027 nostri
669 963 849 1052 tetigissent
863 963 957 1026 litora
975 962 1074 1052 patris

241 1080 286 1142 Te
304 1079 391 1160 sine,
409 1077 541 1166 duxque
558 1079 620 1144 illis
636 1079 717 1144 alius
739 1081 940 1169 quicumque
960 1079 1084 1144 fuisset.

241 1192 339 1257 Nunc
357 1209 523 1274 remeant,
538 1215 656 1281 meque
673 1215 747 1258 ecce
766 1191 881 1280 (nefas)
897 1209 930 1258 et
945 1191 1081 1258 reddere
1098 1208 1252 1281 possunt,

241 1307 310 1372 Nec
324 1329 397 1395 spes
413 1307 478 1371 ulla
490 1329 608 1396 super:
629 1309 710 1396 quin
728 1326 764 1373 tu
781 1332 853 1374 mea
866 1309 989 1398 respice
1005 1309 1117 1372 saltem
1230 1329 1268 1376 tte

243 1422 404 1498 Consilia,
421 1437 454 1486 et
472 1423 574 1486 nimio
591 1424 748 1489 comitum
766 1447 807 1488 ne
826 1422 905 1489 cede
926 1423 1046 1487 timori.

242 1535 389 1603 Credidit
404 1535 553 1604 ardentes
571 1539 643 1626 quis
663 1555 696 1603 te
710 1561 800 1604 nunc
814 1539 951 1628 jungere
970 1554 1080 1602 tauros

242 1651 365 1715 Posse?
381 1651 454 1738 quis
472 1651 514 1717 ad
532 1653 605 1716 saevi
626 1668 803 1717 venturum
826 1653 946 1740 templa
968 1633 1141 1716 draconis?

243 1763 414 1827 Outinam
436 1785 513 1854 ergo
535 1787 626 1830 meus
642 1789 703 1855 pro
722 1781 754 1830 te
776 1789 844 1832 non
867 1767 978 1830 omnia
997 1781 1126 1853 posset,

243 1881 349 1966 Atque
359 1877 482 1966 aliquid
498 1878 662 1945 dubitaret
675 1883 780 1946 amor!
795 1881 876 1968 quin
890 1904 980 1945 nunc
992 1904 1126 1970 quoque
1137 1903 1246 1968 quaere

176 2043 179 2050 .
244 1993 333 2078 Quid
345 1992 467 2074 jubeas.
481 1994 568 2058 Heu!
581 1993 679 2079 dure,
692 1993 782 2079 siles,
798 2019 1018 2086 magnumque
1031 1995 1175 2060 minatur
1230 2015 1268 2058 tn

230 2162 284 2218 434.
298 2165 399 2210 Pereunt
407 2162 471 2224 upud
482 2165 567 2210 Meter.
580 2173 604 2211 et
614 2165 705 2227 recepit
716 2165 746 2212 cl.
754 2168 865 2227 Wugner.
884 2191 914 2202 -
928 2167 982 2226 437.
994 2166 1105 2214 Reddidit
1114 2148 1221 2214 edentes
1230 2170 1272 2230 qui

199 2259 224 2289 re
233 2253 292 2288 utne.
300 2241 375 2290 Vetic.
385 2245 475 2290 Bonna.
490 2241 561 2290 codd.
580 2245 672 2292 Bouou.
689 2244 709 2292 1.
726 2245 826 2292 Credidit
837 2245 940 2292 νάπαι
951 2247 1004 2310 quie
1014 2261 1040 2292 ee
1050 2255 1110 2292 tuuc.
1128 2248 1220 2292 Bonon
1231 2248 1270 2302 tt,

199 2331 224 2370 et
238 2321 289 2368 eliu
304 2336 379 2383 neque
393 2320 424 2368 ud
440 2323 521 2370 Burni.
540 2347 571 2360 -
588 2323 644 2386 439.
660 2325 707 2372 Pm
721 2334 743 2370 te
756 2339 817 2370 nene
832 2326 917 2372 omnia.
931 2327 1023 2372 Boron.
1033 2324 1087 2372 cod.
1098 2351 1128 2361 -
1138 2329 1193 2382 440.
1203 2327 1272 2374 Nune

199 2417 291 2466 queque
303 2417 386 2465 quare.
401 2402 439 2450 ste
448 2402 521 2450 Vetie.
531 2405 621 2451 Βοιοιι.
632 2403 704 2451 codd.
716 2407 807 2452 Boron.
819 2407 838 2452 1.
852 2407 941 2467 Quare.
957 2407 1049 2453 Boron.
1063 2407 1094 2452 n.
1110 2406 1193 2466 Quare.
1204 2407 1271 2451 Junt.
1295 2424 1298 2434 ¹

201 2480 568 2544 ttd.ouoertt.ltteser.1·:egent.
584 2509 615 2520 -
630 2491 685 2540 44ι.
702 2483 745 2530 Hic
761 2499 841 2532 versus
856 2486 882 2531 iu
897 2485 1007 2532 omnibus
1015 2485 1085 2532 codd.
1095 2494 1119 2532 et
1128 2485 1271 2532 editionibus

200 2561 319 2622 plerisque
329 2570 384 2622 poet
399 2577 433 2608 ve.
451 2563 497 2617 460
516 2563 582 2627 (sote
597 2563 645 2627 avi)
656 2564 812 2612 interseritur.
822 2565 936 2612 Meterius
951 2566 1014 2612 huuc
1029 2565 1100 2612 hebet
1116 2575 1171 2627 post
1186 2581 1209 2612 r.
1225 2565 1272 2622 463

201 2639 312 2702 (Nomina
329 2639 456 2703 Palladia).
473 2641 609 2690 Omiserunt
624 2643 691 2688 iilum
703 2645 803 2705 lingent.
815 2643 892 2690 Celin.
909 2645 999 2706 Gryph.
1015 2645 1063 2690 Suo
1081 2644 1149 2698 loeo,
1172 2653 1199 2690 ut
1216 2644 1274 2691 mihi

202 2719 304 2773 ridetur,
315 2719 420 2780 reposui,
431 2729 455 2766 et
465 2721 518 2766 cod.
527 2720 634 2768 vescint
644 2721 759 2768 lectiones
772 2731 796 2768 et
806 2721 830 2768 in
839 2724 885 2770 hoc
894 2739 964 2770 versu
974 2733 998 2770 et
1008 2722 1033 2768 in
1045 2723 1197 2785 precedenti,
1214 2739 1272 2784 ques

202 2807 357 2859 praeposterus
373 2798 433 2844 crdo
451 2809 541 2846 mutere
560 2810 675 2854 inureret,
692 2802 791 2848 servivi.
810 2803 871 2863 Quid
881 2801 975 2864 judeae.
995 2801 1034 2848 Sic
1047 2801 1122 2849 Vetic.
1141 2802 1193 2850 cod.
1213 2803 1274 2862 Quid

201 2876 298 2922 dubitus.
315 2879 404 2924 Bouon
413 2877 467 2925 eod.
479 2887 502 2924 et
514 2879 569 2926 edd.
578 2893 667 2926 omnen.
683 2880 726 2926 lin.

202 3034 275 3107 pisti·
294 3035 327 3086 At
344 3053 423 3100 vern,
440 3035 501 3099 iac,
518 3039 600 3088 adhuc
617 3041 715 3108 majora
760 3032 932 3086 rentcotnites
947 3031 986 3082 tui
1002 3033 1073 3082 litera
1082 3032 1160 3098 patn's
1171 3033 1224 3081 eine
1234 3045 1271 3090 te,

202 3117 266 3167 coire
282 3117 403 3182 agmt‘rta;
419 3118 490 3167 mua
498 3118 666 3186 fidemum
684 3116 716 3168 fl·
760 3125 817 3166 tum
836 3111 870 3166 de
889 3109 922 3164 iis
942 3123 1031 3164 ectum
1050 3110 1153 3170 fuisset,
1171 3113 1274 3176 dtrxqtee

202 3193 263 3246 dem
284 3193 374 3248 dutum
395 3193 487 3246 fellere
509 3194 548 3247 sse
569 3195 624 3248 eit?
641 3199 715 3248 nullis
758 3197 807 3247 illis
821 3195 884 3246 alius
899 3195 1045 3260 qudcumque
1054 3191 1160 3258 fuisset,
1174 3188 1274 3243 nuliiut

195 3292 250 3344 ¹ego
269 3275 347 3342 ἅμα
365 3276 480 3342 periclis,
505 3291 571 3344 ego,
589 3275 715 3346 inquam,
760 3291 839 3326 censu
862 3271 997 3336 fecissem,
1015 3269 1089 3342 quod
1108 3282 1155 3322 tue
1178 3287 1272 3334 ceusu,

203 3369 262 3423 qne
277 3363 315 3404 tot
325 3353 448 3423 periculis
462 3363 541 3405 temet
554 3352 717 3425 eripuerim?
761 3352 801 3405 tui
815 3350 991 3404 amantissima
1006 3350 1065 3403 ieci.
1078 3354 1150 3402 Nunc
1165 3363 1276 3401 remeent

239 3431 302 3489 431.
317 3435 373 3484 Non
394 3436 472 3484 meni
487 3447 636 3500 mortemque
649 3447 716 3486 mam
760 3449 832 3484 eme
843 3430 936 3484 servati
947 3443 973 3482 et
984 3429 1137 3482 incolumes.

204 3513 364 3579 comitumque
377 3521 494 3564 merum?
507 3513 629 3566 Valerius
644 3513 717 3566 siitu
796 3509 857 3575 435.
876 3513 940 3578 Quin
959 3525 985 3562 tu
1006 3528 1062 3562 mea
1078 3512 1171 3576 respice
1187 3511 1274 3560 saltem

202 3589 322 3660 scripsit,
332 3589 385 3642 hoc
396 3589 494 3644 voluit:
504 3603 558 3644 tum
568 3592 672 3664 egregie
684 3591 718 3646 de
761 3592 867 3642 consilia
884 3589 986 3642 sortiter
999 3587 1153 3654 resistendi,
1163 3602 1188 3640 ec
1200 3589 1276 3640 nmio

203 3668 279 3721 tobis
292 3669 396 3731 merui,
409 3680 440 3722 ut
453 3671 494 3726 vel
508 3682 632 3736 mortem,
647 3671 669 3723 ei
683 3671 717 3723 itu
762 3688 816 3722 non
836 3679 890 3722 tum
914 3680 976 3733 tuo,
993 3688 1074 3741 quem
1094 3667 1224 3720 comitum
1244 3687 1276 3718 ne

204 3767 272 3819 opus
285 3748 336 3811 sit,
349 3765 407 3802 mee
421 3768 498 3802 muse
507 3750 597 3803 subire
609 3749 718 3804 debere·
762 3753 822 3802 cede
853 3751 939 3800 timori.
970 3747 1139 3812 Recorderis,
1167 3763 1276 3819 quitto,

204 3823 244 3879 tis.
265 3825 379 3878 Mirifice
404 3839 492 3882 tamen
517 3829 621 3901 placet,
644 3827 717 3901 quod
761 3847 842 3899 quem
861 3827 1025 3881 incredibilis
1043 3825 1139 3891 modo,
1152 3845 1194 3880 me
1207 3825 1277 3878 euxi-

204 3905 327 3959 Heinsius
337 3907 467 3978 conjecit:
482 3913 637 3978 Martemque
649 3921 715 3958 nium
760 3903 858 3970 lirun,
877 3907 1035 3978 perfecerit;
1050 3917 1139 3959 teurot
1153 3906 1277 3960 ardentes

204 3987 380 4054 comitemque,
401 3998 430 4038 ut
448 3996 521 4042 ermd
541 4007 590 4060 pro
612 4005 655 4040 me
676 4005 718 4040 ce·
762 3987 864 4052 vicisti,
879 3991 915 4037 ad
925 3992 1028 4055 templa,
1043 3989 1146 4052 lucum,
1161 3989 1277 4038 draconis

205 4065 294 4136 piatis.
764 4065 866 4118 venisti.

242 4145 303 4210 432.
316 4149 407 4198 Vellem
420 4150 530 4214 equidem
542 4148 720 4213 nostritetiqis-
802 4147 861 4214 439.
877 4151 898 4195 0
917 4147 1008 4196 rideam
1028 4163 1087 4210 erqo
1108 4163 1173 4196 mern
1190 4163 1236 4212 pre
1256 4161 1280 4198 te
