2994 4702
278 349 340 428 354
654 347 956 412 caritocus

278 475 397 559 Bryten
407 469 543 558 legebat.
558 471 690 556 Orpheo
700 493 777 534 vero
786 477 916 542 ΔΙνιιᾱὸις
929 469 1065 552 dieitur3
1075 471 1132 536 sed
1142 471 1232 560 quod
1242 489 1342 538 stem·

277 601 328 642 ma
344 577 438 664 plane
453 574 601 662 ignorare
618 597 669 638 me
686 574 799 638 fateor.
815 575 918 638 Mater
932 576 1000 656 ejus
1017 575 1057 640 ab
1076 577 1206 666 Hygino
1218 577 1342 642 dicitur

278 683 457 768 Zeuxippo,
488 677 619 742 Eridani
647 675 788 742 fluminis
817 676 903 760 filia;
942 702 1013 766 quae
1041 681 1137 744 etiam
1173 683 1339 770 incognita

261 788 372 868 ·mihi;
389 785 536 871 suspicor
549 807 626 848 vero
642 783 814 872 legendum
832 807 901 848 esse
919 785 952 848 in
973 785 1102 874 Hygino
1116 786 1261 874 Apidani
1273 787 1338 856 flu-

276 895 372 958 minis
402 891 514 971 filiam,
542 907 579 953 ut
602 890 647 953 ita
669 913 706 954 ex
725 891 886 954 Thessalia
920 907 1102 956 maternum
1136 915 1237 980 genus
1271 912 1337 960 tra·

275 998 498 1080 hens,'lasoni
526 1019 559 1064 se
593 997 687 1060 etiam
715 996 867 1060 comitem
889 995 1090 1078 adjunxerit3
1110 1014 1142 1062 et
1169 1017 1255 1064 certe
1281 1025 1336 1066 so·

274 1108 339 1171 lere
361 1106 429 1168 haec
453 1103 584 1168 flumina
609 1101 764 1167 confundi
791 1101 957 1167 docebunt
982 1119 1067 1166 notae
1095 1102 1134 1166 ad
1164 1105 1335 1188 Ovidium,

273 1214 403 1278 Metam.
427 1213 457 1292 l,
482 1209 555 1274 580.
575 1209 686 1272 Plures
711 1209 809 1272 Butos
832 1208 965 1274 Athenis
990 1207 1088 1272 luisse
1113 1209 1177 1274 hoc
1202 1213 1335 1275 nomine

274 1319 398 1383 nobiles
407 1365 417 1398 ,
426 1333 459 1380 et
470 1317 510 1380 ab
523 1315 711 1380 auctoribus
724 1337 807 1402 saepe
821 1315 906 1378 inter
920 1337 955 1378 se
971 1317 1142 1398 confusos,
1153 1331 1247 1404 puto:
1259 1341 1332 1382 nam

273 1423 360 1488 idem
383 1421 616 1510 Apollodorus,
632 1421 714 1484 libio
734 1420 799 1500 ΙΙΙ,
815 1441 884 1507 cap.
907 1423 963 1501 id,
982 1430 997 1496 ς
1016 1443 1046 1506 7,
1063 1423 1248 1519 Zeuxippen
1265 1447 1333 1488 me.

273 1546 378 1594 morat
403 1549 537 1591 uxorem
565 1524 757 1606 Pandionis,
773 1545 812 1590 ex
827 1547 891 1612 qua
909 1525 1106 1606 Erechthea,
1124 1527 1237 1607 Buten,
1255 1529 1334 1594 Pro.

272 1658 355 1699 enen
377 1650 409 1697 et
427 1631 635 1696 Philomelam
652 1629 743 1710 tulit;
760 1629 812 1694 cui
831 1630 924 1692 etiam
941 1629 1065 1694 accedit
1077 1633 1182 1698 Taetz.
1200 1633 1333 1698 Chiliad.

273 1741 312 1822 V,
333 1762 391 1825 293
413 1761 484 1824 quaa
510 1737 671 1824 Zeuaeprpe
693 1736 733 1799 ab
750 1733 949 1822 Apollodoro
969 1734 1089 1798 dicitur
1110 1737 1207 1800 fuisse
1226 1739 1332 1802 matris

273 1853 448 1918 Pandionis
471 1873 574 1932 soror,
593 1866 695 1913 mater
710 1872 787 1912 vero
805 1849 867 1912 tuit
882 1847 1050 1929 Pasithea,
1066 1851 1218 1939 Nympha
1236 1853 1332 1934 Nais,

270 1978 351 2026 teste
373 1957 592 2048 Apollodoro,
609 1956 664 2022 lib.
689 1957 757 2036 111,
774 1979 842 2044 cap.
871 1958 925 2039 14,
946 1971 961 2038 ς
980 1957 1010 2020 6.
1031 1956 1094 2020 Sed
1122 1958 1210 2022 hunc
1231 1960 1333 2024 Buten

152 2115 158 2130 ,
271 2069 432 2130 diversum
454 2063 494 2126 ab
511 2065 698 2150 Argonauta
716 2063 791 2124 l‘acit
805 2062 926 2126 Meurs.
942 2060 983 2125 de
1000 2061 1077 2152 lleg.
1090 2063 1187 2128 Attic.
1208 2066 1260 2131 lib.
1284 2067 1329 2148 ll,

272 2175 311 2253 6,
327 2172 384 2260 qui
407 2168 498 2234 etde
518 2191 556 2246 eo
575 2169 640 2261 agit
658 2170 690 2229 in
709 2168 868 2255 Cecrope,
883 2190 952 2254 cap.
972 2167 1026 2250 183
1042 2170 1189 2233 meminit
1210 2173 1278 2252 ejus
1299 2191 1333 2237 et

271 2277 452 2364 Stephanus
469 2273 502 2335 in
518 2278 652 2334 hauritur.
665 2273 712 2335 Ex
729 2273 806 2352 hoc,
821 2271 938 2333 familia
955 2273 1151 2347 nobilissima
1165 2275 1333 2366 Eteobyta-

271 2383 381 2444 (laram
407 2376 593 2480 descendit,
613 2376 686 2440 vide
710 2380 865 2465 Harpocr.
890 2393 922 2440 et
939 2395 1103 2442 auctorem
1126 2383 1264 2470 Etymol.
1284 2386 1330 2448 hl.

271 2490 302 2550 in
328 2491 453 2548 Βουτάδαι
477 2499 509 2546 et
528 2479 724 2544 ἐτιιέουσάδαι.
747 2485 899 2547 Diversus
932 2483 1028 2547 etiam
1064 2485 1207 2550 creditur
1239 2490 1332 2553 Butes

271 2591 384 2680 Amyci
400 2585 501 2671 filius,
514 2573 569 2678 qui
586 2613 624 2652 ex
634 2588 761 2666 ,Venere
775 2589 916 2676 suscepit
931 2589 1084 2677 Erycem,
1102 2594 1158 2680 qui
1176 2595 1209 2658 in
1226 2596 1332 2660 Sicilia

270 2697 427 2788 regnavit3
444 2718 540 2783 quem
560 2695 789 2784 Lexicographi
806 2697 975 2758 memorari
994 2712 1110 2783 putant
1125 2721 1142 2762 a
1158 2699 1268 2795 Virgil.
1283 2725 1330 2766 vs.

270 2804 350 2890 3723
380 2801 436 2866 sed
454 2800 638 2864 confudisse
655 2802 748 2863 illum
768 2823 843 2863 cum
862 2800 916 2864 illo
935 2799 1016 2864 Bate
1030 2803 1247 2891 Argonautam
1269 2830 1330 2870 no·

270 2929 370 2976 strum
394 2925 541 2998 apparet,
556 2907 646 2996 quod
663 2908 849 2998 Apollodor.
867 2909 920 2972 lib.
936 2909 966 2989 l,
978 2914 1039 2994 9,§
1056 2911 1112 2990 25,
1129 2928 1161 2975 et
1177 2914 1325 3004 Apollon.

268 3017 324 3100 lV,
337 3039 423 3104 912,
440 3031 472 3079 et
487 3015 605 3106 Hygia.
625 3012 750 3094 dicant,
765 3012 855 3076 hunc
870 3012 988 3092 Buten,
1011 3014 1158 3082 Sirenum
1185 3021 1327 3084 carmine

269 3124 406 3196 victum,
425 3119 465 3184 ad
484 3143 536 3183 eas
552 3135 737 3182 nataturum
751 3141 785 3182 se
799 3119 830 3182 in
850 3141 937 3182 mare
952 3121 1177 3207 praecipitasse,
1192 3123 1249 3187 sed
1264 3126 1327 3190 Ve-

271 3227 352 3291 neris
375 3225 532 3289 beneficio
555 3247 573 3287 e
596 3223 746 3286 fluctibus
770 3241 931 3287 servatum
953 3225 1113 3312 appulisse
1134 3227 1327 3316 Lilybaeum,

268 3334 378 3420 ibique
394 3330 484 3395 sedes
500 3327 614 3394 fixisse.
633 3329 693 3391 llic
711 3350 788 3418 ergo
807 3345 897 3416 pater
912 3329 1023 3416 Erycis
1043 3327 1139 3394 debet
1154 3336 1269 3415 sumi,
1285 3335 1326 3400 de

268 3462 335 3526 quo
346 3437 453 3500 onmia
468 3435 595 3523 collegit
605 3431 771 3496 Cluverius
784 3482 792 3514 ,
806 3433 846 3497 de
862 3434 966 3498 Sicilia
980 3435 1088 3522 Antiq.
1109 3437 1163 3502 lib.
1181 3439 1212 3502 ll
1221 3489 1230 3524 ,
1244 3465 1271 3506 c.
1292 3466 1326 3524 1,

268 3544 323 3633 qui
338 3543 432 3608 etiam
447 3555 554 3620 notat,
564 3539 641 3602 alios
658 3539 789 3623 Erycem
804 3563 869 3602 non
884 3541 989 3618 Butae,
1002 3539 1058 3604 sed
1073 3541 1215 3631 Neptuni
1226 3543 1326 3612 lilium

268 3649 387 3712 secisse.
405 3645 588 3723 Nimirum,
606 3660 642 3706 ut
661 3667 742 3737 saepe
758 3645 792 3706 in
809 3643 859 3707 his
875 3645 1028 3708 heroibus
1039 3645 1197 3731 vidimus,
1218 3674 1326 3716 revera

268 3769 335 3818 erat
353 3755 442 3814 Butae
461 3745 561 3830 lilius,
576 3745 632 3810 sed
650 3748 795 3835 Neptuni
811 3746 934 3828 dictus;
952 3763 982 3810 et
1000 3747 1066 3812 huc
1084 3768 1227 3838 spectare
1245 3774 1326 3843 puto

264 3859 360 3922 verba
379 3853 520 3917 auctoris
541 3852 723 3942 Etymolog.
738 3853 784 3918 Μ.
802 3876 873 3941 quae
889 3854 1112 3942 praeterierunt
1126 3857 1324 3945 Cluvmhrm,

226 4009 229 4014 -
264 3967 295 4026 itt
311 3964 435 4028 ΒουτὶιΙης·
448 3967 510 4021 οὕτω
519 3969 623 4030 Βούτης,
636 3969 735 4032 Balteo,
746 3965 877 4032 Βουτὶὃης,
888 3974 930 4022 τοῦ
939 3965 1092 4030 Ποσιιδῶνος
1105 3975 1164 4036 υἱός.
1175 3964 1238 4028 Sed
1250 3967 1326 4031 hinc

267 4069 362 4132 alium
384 4063 572 4150 scrupulum
592 4062 694 4142 injicit
710 4066 918 4156 Apollonius,
935 4069 991 4158 qui
1008 4070 1027 4134 Ι.
1048 4071 1067 4134 Ι.
1087 4093 1219 4135 narrans
1237 4073 1325 4138 Butae
