2994 4702
523 389 689 456 ARGON
699 391 887 456 AUTlCA.

220 517 314 581 Tunc
331 519 395 598 jam
416 519 547 608 virginei
562 519 675 585 florem
687 519 803 586 Medea
816 519 941 586 decoris

178 679 181 686 .
220 633 380 698 Tristibus
397 635 507 700 infelix
519 636 694 726 bymouaeis
712 651 813 724 nupta
828 637 968 726 reliquit.

263 748 348 813 llinc
361 748 419 813 ubi
437 751 634 838 nugnanirni
648 751 733 841 regis
745 751 873 816 subiere
886 749 1026 817 tribunal
1068 831 1072 844 ¹

219 861 396 950 Colcbique
412 879 446 928 et
458 865 594 954 Minyte,
615 864 776 954 quidquid
788 866 920 930 voluere
934 865 1076 955 loquuti,
1192 889 1241 926 ,πο
1356 931 1361 946 ,

218 975 372 1040 Traditur
385 977 508 1042 Alcinoi
523 977 653 1046 decreto
669 980 734 1060 jam
750 1003 808 1045 sua
820 981 941 1062 conjux

220 1089 401 1171 AEsonidae3
422 1092 552 1157 solvunt
567 1093 686 1182 Minyas
704 1093 746 1158 de
761 1094 855 1158 litore
873 1117 1034 1184 puppem,

221 1203 320 1268 Ocius
336 1221 369 1269 et
386 1207 483 1272 remis
496 1207 634 1272 stridens
648 1207 838 1297 propellitur
850 1211 958 1298 Argo,

218 1316 442 1407 Ambraciique
456 1321 545 1385 sinus
560 1321 654 1385 celeri
667 1337 752 1385 secat
770 1343 901 1408 aequora
915 1343 1024 1386 cursu.

263 1433 324 1498 Hic
337 1433 397 1498 tibi
410 1433 504 1521 quid,
518 1435 653 1517 Musoee,
667 1458 793 1516 canam,
806 1435 1026 1516 memorande,
1039 1437 1175 1518 labores,
1193 1457 1241 1495 css

217 1544 310 1627 Quos
326 1545 476 1611 dederint
488 1548 609 1628 junctas
622 1559 698 1612 cum
710 1527 858 1637 Syrtibus
875 1571 978 1636 usque
991 1551 1155 1638 procellae,

218 1659 259 1722 Et
269 1659 387 1747 Minyas
399 1659 579 1725 incolumes
594 1662 722 1750 quantis
735 1661 899 1725 erroribus
914 1662 993 1746 acti,

220 1775 405 1857 Quinetiam
427 1792 565 1864 quantos
580 1776 715 1842 incussit
732 1777 825 1840 Creta
841 1775 988 1857 dolores,

218 1890 335 1956 AEreus
351 1908 390 1955 ut
401 1891 547 1981 Trigigas
560 1912 690 1956 accessu
707 1889 891 1955 horrendus
906 1891 941 1954 iu
957 1891 1029 1978 ipso

217 2006 256 2069 In
270 2022 404 2094 portum
417 2005 520 2069 vetuit
531 2004 658 2094 Minyas
672 2004 854 2070 subducere
868 2026 1027 2094 puppem,
1194 2019 1245 2062 ¹³40

218 2121 263 2183 Ut
277 2118 407 2184 tandem
426 2119 583 2208 aequoreis
599 2119 703 2184 vexati
722 2135 869 2208 tempore
885 2119 984 2209 longo

217 2233 405 2316 Fluctibus,
420 2258 458 2299 ac
473 2235 581 2300 subito
598 2235 679 2300 tristi
695 2237 778 2300 male
795 2235 883 2300 nube
898 2235 1035 2325 gravati,

218 2347 420 2414 Credidimus
436 2363 552 2414 narem
568 2349 694 2438 quoties
711 2347 841 2412 allidere
854 2347 960 2412 saxis?

217 2463 258 2526 Ar
276 2463 370 2528 Paean
386 2463 492 2528 lucem
509 2485 569 2552 per
584 2462 695 2528 nubila
713 2485 794 2526 saeva
812 2484 980 2527 coruscam

217 2576 386 2642 Montibus
404 2599 423 2640 e
442 2577 577 2641 summis
595 2577 666 2650 Deli
687 2577 784 2641 tulit:
802 2575 879 2663 inde
895 2594 1029 2665 repente
1192 2595 1240 2670 nu

219 2692 267 2755 Ex
285 2690 395 2754 multis
411 2712 484 2779 quae
499 2713 558 2753 nos
576 2689 770 2753 claudebant
786 2690 890 2752 insula
906 2689 973 2754 visa
988 2707 1054 2772 est,

218 2805 326 2886 Quam
340 2802 455 2866 dicunt
469 2803 623 2891 Anaphen
636 2802 707 2865 loca
718 2801 775 2889 qui
789 2801 894 2866 vicina
910 2803 1128 2889 frequentant.

183 2909 185 2916 ¹
217 2914 281 2982 Sed
299 2938 366 2979 non
383 2913 549 2980 AEsonidae
566 2915 712 3002 quamvis
729 2915 918 3002 contingere
934 2931 1052 2980 terram

217 3030 311 3094 Parte
323 3030 414 3095 licet:
435 3029 644 3093 redimendus
661 3029 749 3093 enim
767 3027 913 3092 defertur
936 3027 1094 3115 (utillum

215 3143 307 3208 Mors
323 3165 434 3207 aversa
449 3143 567 3232 fugit):
582 3143 629 3207 vis
644 3159 731 3208 tanta
748 3141 944 3231 Hyperionis
960 3143 1032 3208 irae!
1191 3166 1242 3203 ,πο

218 3259 296 3322 Mox
312 3255 369 3321 ubi
386 3256 559 3336 transvecti
569 3254 762 3320 Maleotidos
776 3257 838 3321 alta
851 3271 1018 3339 tenemus,

218 3371 399 3436 Admonitu
413 3371 519 3435 Circes
536 3369 655 3458 Minyoe
673 3391 811 3460 purgare
831 3371 987 3458 parabant

217 3485 399 3550 infaustum
418 3483 527 3549 AEctes
550 3481 750 3571 quidquidve
765 3485 900 3574 ingessit
917 3486 1079 3575 Erinnys5

218 3601 312 3666 Tunc
332 3623 393 3691 ego
411 3621 576 3664 sacrorum
593 3597 713 3686 Minyis
729 3599 882 3663 libamina
899 3600 1035 3687 pulchre

217 3715 341 3798 Struxi,
355 3732 388 3779 et
404 3715 594 3802 Neptunum
609 3735 760 3802 suprema
772 3735 852 3776 voce
865 3713 975 3802 rogavi
1193 3737 1243 3774 oss

219 3829 282 3892 Det
294 3825 433 3892 reditum
448 3828 556 3908 fessis,
574 3826 750 3914 dulcesque
763 3825 872 3890 videre
886 3844 1044 3914 parentes.

263 3945 312 4010 Illi
332 3944 431 4035 igitur
445 3945 548 4010 tentis
565 3945 627 4008 acti
643 3945 829 4008 referuntur
842 3944 952 4008 lolcon

221 4059 256 4120 ln
272 4060 424 4147 patriam3
441 4057 498 4124 sed
513 4059 630 4124 fronde
643 4057 750 4123 virens
765 4081 817 4121 me
831 4058 982 4122 Taenarus
1000 4060 1060 4122 alta

272 4172 313 4236 Il.
1096 4193 1132 4233 21
