3006 4676
254 384 316 448 260
420 381 501 444 PlO
523 377 763 458 AUCTORE,
787 375 1148 443 SUPPLEMENTA

258 582 261 595 ,
300 513 514 602 Compositis,
530 509 653 599 placida
668 509 790 574 lenibat
806 523 937 596 pectora
951 528 1054 572 voce:

340 625 515 714 «Neptuni
532 645 662 705 currus,
680 622 774 704 socii,
790 643 888 710 super
906 643 1036 709 aequora
1049 641 1149 685 cerno

299 742 456 822 Currere,
472 761 556 827 quos
573 737 722 802 manibus
740 735 835 802 solvit
851 734 904 824 pia
923 733 1076 800 mollibus
1093 758 1185 798 uxor.

296 855 493 920 AErumnosa
512 875 648 942 parens,
667 851 729 915 nisi
746 871 806 913 nos
820 848 949 920 oracula
965 847 1097 928 fallunt,

291 970 388 1033 Sacra
402 969 478 1032 ratis
494 967 612 1049 fuerit,
629 981 776 1030 materno
793 962 927 1027 nomine
944 959 1051 1052 digna.

294 1087 371 1149 Haec
384 1084 495 1148 validis
509 1082 671 1163 humeris,
689 1081 759 1146 haec
775 1077 871 1144 firmo
887 1077 1006 1143 robore
1024 1078 1092 1143 tolli

269 1249 271 1256 .
293 1199 441 1264 Postulat
454 1201 488 1262 in
506 1199 589 1264 sicca
603 1194 692 1285 quod
709 1195 813 1284 surgit
825 1193 1040 1289 litusarena,
1071 1255 1074 1262 ,
1154 1209 1156 1214 ·

295 1311 372 1392 Quo
391 1310 496 1399 pelagi
516 1311 701 1399 properavit
713 1331 824 1397 ,equus
839 1306 972 1396 ,vestigia
985 1306 1099 1370 ferre».

272 1411 275 1418 ¹
292 1413 434 1489 AEacidee
450 1423 594 1513 prudens
611 1423 732 1512 placuit
747 1406 904 1488 sententia
921 1423 1057 1488 cunctis.

337 1537 480 1602 Pierides
499 1536 608 1602 dixere
623 1537 722 1620 mihi;
740 1559 798 1602 ros
809 1584 819 1619 ,
831 1534 952 1620 credite
966 1536 1051 1620 vati,
1120 1594 1123 1602 ,

294 1651 438 1735 Credite,
458 1674 533 1716 vera
548 1653 690 1740 loquor:
708 1674 771 1717 vor
787 1666 913 1716 nostras
929 1651 1066 1739 perculit
1078 1673 1173 1716 aures

292 1765 475 1848 Pieridum,
489 1765 576 1830 canit
589 1787 645 1830 ore
659 1786 736 1831 meo
753 1743 843 1830 nunc
857 1765 1015 1847 Phoebus,
1032 1781 1065 1829 et
1078 1765 1177 1830 Evan.

337 1879 438 1970 Regia
458 1879 645 1968 progenies,
659 1878 866 1967 pulchroque
882 1877 917 1941 in
934 1900 1071 1968 corpore
1086 1879 1207 1962 virtus,

294 1995 460 2082 Heroique
475 1994 575 2058 animi
592 1993 695 2076 vires,
711 1991 753 2056 ad
765 1993 861 2058 litora
878 1993 986 2058 navim

294 2110 372 2174 Avia
389 2107 596 2189 subducunt,
617 2105 741 2172 tabulas
756 2129 871 2172 rexere
882 2108 1034 2195 loquaces

294 2223 460 2288 Tollentes
473 2223 637 2304 humeris3
651 2221 780 2286 bissena
794 2221 867 2286 luce
882 2237 1009 2287 revecta
1022 2238 1088 2305 est,

295 2337 457 2404 Noctibus
473 2352 507 2401 et
523 2333 678 2420 totidem,
692 2357 770 2400 mox
786 2336 863 2400 caelo
881 2336 989 2401 debita
1003 2339 1132 2427 puppis.

295 2452 378 2535 Quis
394 2473 508 2541 regum
526 2471 705 2540 aerumnas,
727 2469 887 2538 curasque
902 2473 1079 2540 gravesque
1094 2452 1220 2518 labores

295 2567 475 2631 Enumeret
496 2565 631 2629 mortale
650 2565 794 2628 sonans?
807 2580 874 2629 sata
888 2567 1012 2631 semine
1030 2566 1142 2632 divum

295 2681 421 2769 Nempe
435 2679 497 2744 fuit
510 2680 634 2768 proles,
649 2679 795 2744 humeris
810 2703 882 2768 quoe
898 2681 1029 2746 sustulit
1046 2685 1145 2772 Argo.

294 2796 436 2860 Tantum
449 2794 496 2858 ris
511 2792 612 2858 animi
625 2793 732 2882 cogit,
745 2808 870 2858 tantum
888 2811 984 2884 urget
997 2811 1119 2885 egestas
1132 2799 1140 2860 !

293 2908 476 2976 Succedens
486 2907 622 2994 tandem
639 2907 767 2996 Libycae
782 2906 960 2971 Tritonidis
972 2907 1069 2972 undae

294 3025 376 3089 Diva
389 3021 526 3102 cohors,
544 3012 690 3086 bbmeris
705 3019 878 3109 deponunt
892 3021 1032 3087 fortibus
1045 3025 1144 3113 Argo.

337 3140 463 3203 Interea
480 3137 614 3202 canibus
635 3136 771 3218 similes,
786 3137 905 3225 quibus
922 3138 1038 3203 intima
1054 3139 1184 3206 fervens

294 3257 376 3320 Exta
391 3252 504 3342 coquit
520 3251 642 3334 rabies,
661 3251 849 3339 querebant
866 3253 971 3318 sicubi
986 3254 1051 3319 rivi

293 3369 465 3434 Manerent
477 3363 604 3446 latices,
623 3363 787 3452 fontisque
804 3381 976 3455 argenteus
994 3368 1126 3434 humor.

294 3485 461 3570 Apparent
474 3479 570 3544 nullae
584 3500 644 3567 per
656 3494 744 3542 vasta
760 3479 885 3545 silentia
896 3480 1046 3570 lymphae.

292 3596 472 3661 Pervenere
484 3595 572 3659 locos
589 3615 713 3674 sacros,
729 3593 785 3658 ubi
803 3595 938 3684 pervigil
950 3597 1064 3687 anguis

294 3715 401 3774 Aurea
417 3707 563 3774 servabat
580 3705 726 3798 flagranti
739 3709 865 3774 lumine
879 3713 971 3776 mala.

293 3825 355 3890 Hic
373 3824 507 3912 querula
522 3822 712 3913 Hesperides
729 3825 936 3912 complebant
953 3828 1064 3892 omnia
1077 3849 1169 3893 voce.

292 3940 376 4003 Tum
391 3937 532 4026 primurn
546 3939 706 4003 Herculeo
717 3955 888 4026 superatus
903 3939 1045 4005 concidit
1057 3941 1125 4006 ictu

293 4052 450 4118 Fraxineo
468 4053 626 4142 impactus
645 4068 779 4135 trunco3
798 4069 927 4118 tantum
946 4057 1058 4122 ultima
1074 4073 1169 4123 motu
1276 4077 1314 4124 us
