3002 4680
403 362 526 426 NOVi
560 361 808 427 EDlTORlS
840 361 995 429 No'tAE.
1187 369 1229 452 69

170 477 271 550 Scythia
287 477 367 528 iuiree
380 487 468 528 narrat
481 474 537 546 ipse
551 473 698 528 Herodotus
710 513 718 537 ,
733 476 782 538 IV,
798 478 846 530 103
860 476 924 539 ;eed
939 491 1067 552 repugnat
1082 491 1229 550 temporum

170 561 253 625 ratio,
268 572 308 626 et,
320 577 379 631 quaa
389 557 423 610 de
435 559 640 630 Agamemnonis
652 558 705 612 lilia
717 559 826 612 tradunt
835 561 958 632 Tragici,
972 561 1069 614 nullam
1085 574 1175 618 nestro
1190 565 1232 617 al·

171 640 286 694 fundunt
300 641 386 695 iucem
399 641 473 706 loco,
488 643 564 712 cujue
581 640 680 693 luuduc
696 642 790 696 sabella
806 641 910 698 videtur
922 645 1002 698 iuieae
1018 645 1154 718 Scythica.
1170 647 1233 700 For·

172 737 238 777 taeae
248 743 296 778 rex
309 722 415 796 quidam
427 723 470 778 vel
481 723 533 776 dux
545 743 635 777 eorum
648 743 755 780 cervam
768 727 857 781 Diana
868 747 970 782 caeram
982 730 1146 792 confecerat,
1156 735 1232 803 cujus

171 810 258 878 imago
270 826 350 862 aurea
366 806 400 860 ad
412 806 489 861 deam
505 807 660 879 placandam
676 827 727 880 pro
745 811 821 882 cigno
837 811 959 875 militari,
973 831 1000 864 v.
1015 831 1061 881 72,
1072 813 1131 865 tuit.
1147 813 1232 866 Aliam

171 890 352 944 difficultatem
362 928 370 954 ,
380 909 439 962 quo
448 909 568 962 premere
580 891 667 944 locum
676 893 730 946 visa
740 891 778 948 eet
789 893 938 960 nonaultia,
950 892 1117 966 desumptam
1131 894 1204 948 illam
1218 915 1233 948 a

172 975 313 1037 cornibus,
328 993 353 1026 v.
368 992 411 1044 71,
426 975 522 1046 quibua
535 993 619 1028 cerva
632 988 740 1039 carent,
758 995 811 1044 non
825 995 924 1040 moror,
942 977 1100 1050 videturque
1113 978 1233 1032 Valerius

173 1057 316 1110 femineum
327 1075 417 1110 aerum
427 1057 547 1112 consulto
556 1057 691 1130 poenicae,
705 1059 731 1110 in
742 1079 796 1131 quo
808 1060 892 1114 rarius
902 1060 1027 1134 quidem,
1041 1079 1233 1133 tronnuuquam

172 1154 259 1194 tamen
281 1159 380 1194 cornua
402 1140 567 1214 indagatores
588 1153 689 1196 natura
708 1143 901 1206 obrervarunt3
919 1144 991 1196 conf.
1017 1147 1114 1214 Bapeni
1131 1144 1165 1196 ad
1188 1145 1232 1197 Sil.

173 1224 232 1276 lat.
243 1223 300 1290 111,
313 1225 346 1292 39
356 1265 363 1290 ,
375 1222 402 1276 in
413 1225 473 1277 Var.
483 1225 566 1278 Lectt.
575 1237 601 1276 et
611 1223 744 1298 lleynium
754 1226 787 1279 ad
801 1225 954 1296 Apollodor.
964 1245 1025 1299 pag.
1041 1230 1101 1297 349.
1116 1255 1127 1274 ω

209 1311 327 1360 Acesinus
347 1309 449 1372 amnia,
473 1308 617 1362 secundum
640 1308 708 1361 Ptin.
727 1310 774 1370 IV,
794 1328 840 1372 ra,
860 1307 958 1364 fluebat
973 1313 1047 1382 juxta
1068 1310 1190 1383 Hylaam'
1208 1323 1233 1363 et

173 1393 366 1445 Chersonesum
377 1392 525 1445 Tauricam.
536 1391 613 1445 Hunc
623 1391 732 1446 fluvium
741 1393 784 1444 hic
794 1392 925 1464 designari
934 1406 1088 1465 argumento
1099 1405 1151 1460 est,
1162 1393 1234 1466 quod

172 1476 249 1529 lucus
266 1475 354 1529 Diana
364 1475 496 1543 Tauricae,
512 1475 587 1548 cuiue
605 1475 730 1528 hocloco
748 1475 867 1528 meminit
877 1476 1014 1540 Valerius,
1026 1475 1052 1528 in
1071 1475 1159 1548 Hylaia
1178 1487 1235 1528 erat

174 1559 245 1611 ritus.
260 1560 370 1614 Videtur
381 1561 562 1630 waganon,
579 1559 690 1612 nominis
708 1579 797 1614 errore
812 1560 913 1630 lapaum
924 1597 932 1622 ‚
944 1563 1124 1628 Panticapaeum
1141 1561 1233 1612 urbem

174 1645 305 1718 accepisse
314 1663 363 1716 pro
373 1643 470 1707 fluvio,
484 1645 526 1696 cui
540 1662 636 1697 nomeu
646 1647 803 1712 Panticapes,
814 1643 925 1696 Acesiuo
938 1642 1066 1714 proximo.

210 1797 244 1849 V.
256 1795 301 1867 73.
316 1803 421 1859 Maesta,
442 1817 488 1852 aec
505 1800 530 1848 ia
547 1815 619 1848 sceva
633 1801 699 1847 lucos
718 1799 824 1850 redirem
844 1799 940 1848 utana.
955 1826 988 1836 -
999 1801 1096 1848 uasta.
1107 1794 1235 1866 Virgilius

174 1879 265 1933 itidem
275 1898 380 1936 nusum
388 1881 481 1932 tribuit
490 1880 624 1934 Chimm
637 1881 663 1934 iu
674 1879 748 1952 galea
758 1879 843 1932 Turni
853 1878 1005 1951 exsculpta,
1015 1881 1074 1932 AEn.
1086 1879 1154 1941 Vll,
1165 1879 1217 1948 787
1228 1897 1233 1929 :

212 2005 215 2022 ¹
308 2010 365 2056 Τιω
379 2007 452 2070 magia
465 2007 505 2054 illa
518 2007 618 2053 fremens
629 2015 653 2052 et
664 2006 767 2053 trictibus
778 2005 851 2052 clieta
861 2005 970 2060 flammis,

308 2083 383 2140 Quam
397 2081 469 2142 magis
480 2079 558 2126 eiluac
569 2080 711 2128 crudescunt
722 2081 834 2140 unguina
844 2095 936 2142 pugnae.

175 2219 244 2264 Sava
259 2223 347 2264 autern
359 2215 451 2272 Diana
464 2211 549 2263 Diana
560 2223 598 2263 eat
612 2211 750 2283 Scythica,
762 2229 821 2282 qua
836 2211 969 2265 sacrificiis
982 2209 1104 2262 burnonis
1116 2209 1236 2280 placaba-

175 2307 227 2347 tur.
239 2325 272 2336 -
283 2301 366 2347 lracoa
379 2295 443 2346 Luci
458 2294 567 2348 Hecates
581 2294 608 2346 iu
619 2295 711 2366 Hylaa
727 2294 846 2347 meminit
863 2294 1032 2360 Ptolomeus,
1047 2293 1087 2346 111
1099 2333 1107 2360 ,
1119 2293 1141 2344 5.
1155 2290 1237 2344 Adea-

176 2389 219 2431 tur
230 2377 301 2452 apud
311 2377 423 2431 Danvitl.
434 2381 504 2430 Orbis
514 2379 610 2428 ruinani
617 2395 680 2449 pare
688 2377 841 2430 Orientalia.

212 2527 244 2578 V.
255 2530 298 2596 76.
309 2529 413 2578 Deterior
424 2529 494 2578 ltaud
504 2547 606 2594 usquam
622 2548 666 2578 uec
679 2531 766 2580 celsior
778 2529 937 2580 eatetttrattas
981 2529 982 2534 ’

307 2614 370 2662 Silva
380 2615 459 2662 vades
467 2613 608 2680 ,fessaeque
615 2614 683 2680 prius
693 2613 785 2662 rediere
798 2614 909 2679 sugitur,

313 2698 410 2748 Arboris
420 2700 457 2748 ad
463 2715 580 2746 sumtuum
590 2716 664 2762 quatu
670 2714 801 2763 peruenere
812 2715 937 2746 caeterea.

176 2821 255 2888 Quod
266 2823 385 2876 Valerius
398 2823 431 2876 de
443 2823 598 2894 proceritate
606 2823 731 2876 arborum
744 2821 772 2878 in
781 2821 832 2874 hac
843 2821 955 2894 Scythia
967 2834 1038 2891 parte
1051 2859 1058 2882 ,
1073 2819 1099 2871 id
1113 2819 1237 2890 Virgilius

178 2905 211 2958 de
223 2905 294 2960 atteia
306 2905 390 2960 India
402 2906 487 2969 canit,
499 2905 597 2976 Georg.
609 2905 653 2968 11,
668 2921 733 2956 aaa:

312 3036 358 3080 Aut
365 3049 425 3095 quoe
434 3035 527 3080 Oceano
537 3032 635 3096 propior
645 3031 706 3092 gerit
717 3031 783 3078 india
794 3033 870 3084 lucos,

310 3108 412 3154 Extremi
422 3109 486 3154 ainus
499 3107 578 3159 orbiu
589 3107 629 3153 nbi
640 3122 693 3152 rara
709 3105 801 3152 vincere
812 3121 928 3151 summum

313 3183 407 3231 Arborio
418 3184 481 3230 haud
494 3184 547 3230 ullu
555 3184 621 3246 iactu
631 3193 729 3244 potuere
741 3181 838 3244 sagittae.

179 3316 243 3368 Uter
253 3314 396 3386 elegantiae
405 3313 525 3366 eamdem
534 3311 654 3366 extulerit
663 3311 816 3364 sententiam
826 3307 986 3381 perpendere
998 3308 1087 3361 licebit
1096 3307 1187 3360 lectori
1196 3345 1204 3370 ,
1219 3309 1240 3359 ri

180 3398 305 3460 voluerit,
320 3409 349 3449 ut
361 3395 447 3449 verbie
460 3409 517 3450 utar
529 3395 623 3448 veteris
633 3395 731 3466 gallicae
748 3393 843 3464 lingua
857 3391 970 3445 auctoris
979 3390 1139 3460 (Fmissart),
1153 3391 1241 3442 s'iabi-

182 3485 237 3534 liter
245 3496 268 3532 et
278 3501 305 3533 aa
314 3484 427 3532 delecter.

217 3628 251 3678 V.
261 3628 303 3678 llo.
321 3627 528 3692 Plaustrisqucad
535 3626 624 3690 praelia
635 3636 736 3674 cunctas
748 3625 865 3672 walacra
875 3633 975 3668 traxere
985 3636 1081 3670 tanaus.
1106 3645 1139 3655 -
1159 3615 1242 3668 Vetue

180 3711 263 3762 Vatia.
276 3708 336 3761 cod.
353 3708 433 3760 habet
446 3710 587 3758 coeialoetoe.
601 3705 690 3758 Lectio
705 3709 824 3756 Coraletae
837 3701 935 3753 nullius
949 3711 985 3752 eet
1003 3697 1125 3769 ponderis
1139 3715 1169 3749 ac
1184 3715 1240 3749 mo·

181 3789 277 3851 menti,
294 3799 325 3840 ut
340 3795 397 3840 orta
418 3805 449 3838 ex
462 3789 594 3858 ἀποκρύφῳ
609 3783 743 3836 Carrionic
764 3781 862 3836 codice.
885 3779 995 3832 Invenio
1015 3775 1085 3845 apud
1100 3777 1243 3838 Tacitum,

181 3870 274 3923 maai.
290 3872 348 3933 111,
362 3871 414 3934 38,
430 3873 565 3930 Celaletae,
581 3885 678 3920 nomen
698 3865 837 3939 cujusdam
848 3863 967 3917 Thraciae
984 3861 1091 3934 populi,
1105 3859 1178 3931 quod
1195 3878 1240 3911 ne·

181 3955 247 4008 miui
259 3955 288 4008 iu
301 3967 415 4008 mentem
427 3953 516 4018 verrit,
531 3971 670 4024 perpurum
684 3949 861 4022 discrepansa
874 3960 1001 4020 corrupta
1010 3945 1132 3999 Vaticani
1145 3941 1243 3996 codicia·

180 4039 301 4092 lectione.
315 4041 433 4090 eculeus
448 4036 518 4106 apud
528 4036 650 4088 'l'acitum
664 4038 813 4106 junguntur
827 4038 942 4091 Odrusae,
956 4049 1068 4102 quorum
1081 4030 1134 4082 lere
1147 4045 1242 4098 cogno-

182 4121 261 4176 muta
279 4133 319 4176 ert
332 4119 377 4172 itta
391 4130 511 4192 potator,
523 4123 630 4172 Odrussa
642 4135 750 4190 ,supra,
763 4118 796 4180 V,
809 4117 858 4184 595
870 4154 879 4179 ,
890 4126 1054 4170 memoratur.
