2958 4704
260 361 325 446 398
393 417 399 442 ,
638 359 940 426 cirtioous

255 481 373 547 confici
390 498 515 570 posset,
530 481 620 568 quod
634 505 671 546 ex
688 483 816 550 duabus
830 485 933 548 Armis
949 505 1048 549 unam
1066 485 1222 572 reperisse
1231 486 1328 550 Nau-

248 589 367 677 plrirm,
381 589 513 652 alteram
523 588 690 653 Thaletem
702 587 788 654 dicat
796 589 909 654 Thetin
924 588 965 654 ad
981 590 1069 654 Arati
1084 589 1192 655 Phaen.
1205 612 1252 654 vs.
1268 615 1326 678 27.

257 693 412 758 Praeterea
429 693 524 756 etiam
541 707 653 759 noster
668 693 768 758 Poeta
783 693 873 758 hune
885 691 1061 782 Naaplaitm
1076 694 1263 759 confudisse
1273 698 1326 760 vi-

256 797 353 864 detur
369 819 444 861 eum
461 797 524 862 alio
538 797 715 862 Palamedis
731 815 839 886 patre,
854 798 909 864 lib.
922 799 953 879 Ι,
975 799 1049 886 371,
1062 799 1119 886 qui
1135 815 1244 863 tamen
1259 800 1327 866 fuit

256 903 434 985 Euboicus,
450 926 555 990 quum
567 917 678 968 noster
690 903 828 990 Argivus
840 902 966 968 dieatur
976 903 1018 968 ab
1032 905 1178 993 Hygino,
1192 905 1256 969 fab.
1270 911 1326 986 14,

257 1026 291 1074 et
317 1009 493 1074 Scholiaste
520 1007 685 1098 Euripidis
710 1009 732 1074 Ι.
761 1011 783 1074 Ι.
815 1009 1034 1099 Apollodorus
1058 1011 1172 1092 etiam,
1194 1010 1250 1075 lib.
1269 1013 1325 1093 11,

257 1137 327 1204 cap.
347 1139 374 1196 r,
391 1113 452 1196 55,
465 1114 578 1180 itidem
592 1114 775 1180 confirndit.
794 1113 878 1180 Nam
895 1115 983 1178 hunc
1002 1113 1183 1204 Nauplium
1195 1117 1327 1204 Clyme-

258 1244 333 1296 nen,
348 1221 437 1312 dtrei
452 1219 562 1301 liliam,
576 1221 637 1301 vel,
655 1235 693 1283 ut
706 1217 769 1300 alii,
787 1219 960 1307 Philyram,
971 1219 1100 1284 duxisse
1117 1237 1245 1302 narrat3
1257 1223 1324 1302 vel,

256 1349 294 1392 ex
310 1327 468 1391 sententia
484 1324 645 1412 Cercopis‚
656 1325 821 1390 Hesionen
835 1326 976 1413 cepisse,
996 1347 1034 1390 ex
1052 1348 1115 1412 qua
1129 1325 1323 1390 Palameden

256 1448 290 1496 et
302 1432 381 1496 alios
395 1430 518 1520 genuit,
530 1430 587 1518 qui
596 1430 686 1494 locus
699 1429 874 1496 mendosus
886 1447 954 1514 εει,
967 1452 1042 1494 nam
1054 1431 1208 1518 Clymene
1217 1433 1325 1512 Atrei,

256 1538 371 1630 lepti-e,
388 1535 452 1600 filia
468 1535 597 1616 dieitur,
613 1551 651 1598 ut
666 1534 764 1602 etiam
779 1534 898 1624 legitur
912 1534 999 1624 apud
1015 1533 1122 1600 Sobel.
1137 1535 1323 1624 Euripidis,
1456 1578 1457 1602 i

216 1645 219 1650 ’
255 1646 361 1708 Orest.
376 1643 553 1730 432,quae
567 1641 623 1706 lib.
639 1641 710 1723 ΙΙΙ,
729 1652 951 1730 eap.ri,§a,
970 1641 1088 1706 dicitur
1105 1641 1226 1708 Cretaei
1241 1641 1321 1723 lilia,
1456 1637 1457 1662 ¹

255 1750 312 1837 qui
330 1759 443 1828 κρατιὺς
460 1748 555 1812 etiarn
577 1745 698 1811 ibidem
713 1745 849 1828 dieitur,
866 1746 986 1829 Minois
1002 1746 1097 1812 lilius.
1115 1745 1180 1812 Sed
1195 1771 1324 1837 semper

257 1855 373 1920 Cratea
389 1855 496 1918 vocari
513 1852 651 1936 debere,
677 1853 789 1918 docuit
808 1853 970 1918 Meursius
994 1854 1027 1920 in
1046 1855 1157 1935 Creta,
1175 1853 1233 1918 lib.
1250 1855 1322 1936 ΙΙΙ,
1456 1895 1457 1900 1

255 1985 324 2050 cap.
338 1961 376 2044 33
400 1960 493 2024 etita
512 1959 591 2024 MSS
607 1959 745 2039 habere,
768 1973 860 2024 notat
875 1959 937 2024 Th.
955 1959 1090 2039 Galeus,
1112 1975 1145 2022 et
1156 1961 1262 2024 Tacta.
1279 1961 1322 2025 ad

254 2067 416 2155 Lycophr.
437 2066 503 2142 384
519 2079 605 2128 recte
626 2063 733 2129 tradit.
758 2063 834 2130 Haeo
857 2063 1010 2153 Clymene
1029 2064 1090 2128 lirit
1109 2080 1212 2130 mater
1229 2064 1322 2130 Pala·

255 2171 376 2252 medis,
404 2171 496 2252 cujus
520 2192 614 2236 soror
630 2169 769 2258 AErope,
795 2169 950 2234 Plistheni
975 2186 1096 2258 nupta,
1120 2169 1222 2234 edidit
1242 2172 1323 2259 Aga-

255 2278 431 2342 memnona
449 2293 482 2338 et
496 2275 701 2356 Menelaum,
721 2275 810 2340 unde
833 2299 851 2340 a
876 2275 975 2340 Suida
994 2274 1181 2340 Palamedes
1201 2275 1323 2340 dieitur

254 2393 349 2462 ἀνιψιὸς
370 2382 631 2471 Agamemnonis.
655 2385 728 2471 lpse
753 2384 848 2448 etiam
865 2383 1018 2472 Virgilius
1030 2383 1187 2472 Nauplr'os
1203 2384 1321 2448 conlu-

255 2489 341 2554 disse
354 2487 500 2569 videtur,
524 2510 627 2575 quum
644 2488 837 2555 Palameden
847 2472 984 2554 'Belr'den
1003 2506 1097 2553 vocet
1115 2491 1172 2553 lib.
1191 2489 1244 2572 ΙΙ,
1263 2490 1320 2569 823

254 2596 437 2682 Amymone
456 2592 562 2673 enim,
580 2593 682 2657 Danai
698 2593 773 2675 lilia,
791 2594 856 2660 Beli
872 2595 977 2682 neptis
996 2610 1079 2675 erat,
1098 2595 1156 2658 ubi
1172 2595 1321 2675 Servius,

255 2698 466 2787 Apollonium
489 2715 666 2786 sequutus,
690 2697 785 2779 dicit,
814 2721 891 2762 eum
916 2701 1054 2787 septimo
1078 2698 1181 2789 gradu
1202 2723 1220 2764 a
1244 2701 1320 2764 Belo

255 2803 391 2886 distare,
416 2825 488 2892 qute
515 2799 629 2869 iisdem
655 2827 747 2891 paene
770 2804 877 2868 verbis
901 2803 999 2868 habet
1014 2805 1161 2870 Lutatius
1178 2804 1219 2868 ad
1240 2805 1318 2869 Stat.

254 2910 371 2976 Achill.
384 2911 416 2992 l,
432 2932 492 2996 92,
510 2931 613 2997 quum
631 2924 739 2974 tamen
755 2932 794 2974 ex
811 2908 1001 2997 Apollodori
1016 2910 1106 2991 loeo,
1128 2933 1205 2974 mox
1220 2907 1322 2974 addu-

254 3031 323 3091 cto,
347 3032 473 3080 tantum
497 2999 617 3103 quarto¹
639 3015 742 3104 gradu
767 3015 885 3080 distare
902 3014 1051 3080 efficitur.
1077 3015 1110 3079 Si
1133 3039 1211 3080 vero
1233 3017 1321 3082 Nau·

245 3121 353 3211 plium
366 3121 525 3184 minorem
538 3120 638 3184 fnisse
650 3136 776 3206 patrem
788 3119 965 3184 Palamedis
976 3135 1154 3185 statuamus
1170 3144 1209 3185 ex
1222 3138 1320 3188 stem·

253 3244 338 3292 mate
351 3227 532 3315 Apollonii,
554 3247 644 3290 nono
656 3224 788 3313 quidem
803 3223 904 3314 gradu
925 3223 1064 3290 distabit.
1082 3227 1229 3291 Lutatius
1245 3249 1320 3290 vero

253 3331 295 3398 ad
308 3335 387 3398 Stat.
400 3331 503 3396 Theb.
515 3330 566 3411 ΙΙ,
586 3329 666 3410 dila,
678 3330 741 3410 Vl,
754 3329 829 3412 288,
843 3330 1018 3419 Nmplium
1031 3331 1184 3412 majorem
1196 3347 1319 3420 patrem

254 3435 432 3503 Palamedis
444 3436 573 3516 statuit,
594 3451 632 3498 ut
648 3433 881 3524 Apollodorum
899 3435 1011 3500 iecisse
1026 3435 1177 3502 vidimus.
1193 3437 1321 3502 Abeunt

254 3557 361 3606 tamen
379 3541 432 3606 illa
448 3541 563 3618 verba,
582 3561 655 3628 quae
674 3539 865 3606 Palameden
890 3563 930 3606 ex
944 3541 1083 3629 Nauplio
1104 3559 1217 3607 natum
1239 3542 1321 3608 indi-

254 3663 347 3727 cant,
366 3647 407 3710 ab
428 3645 548 3734 Hygini
573 3645 680 3710 fabula
706 3645 787 3732 159,
806 3669 904 3734 quam
928 3645 1132 3734 descripsisse
1156 3649 1318 3713 Lutatium

254 3753 452 3820 Muoclserus
469 3755 601 3818 notavit.
622 3753 783 3818 Morerius
799 3755 833 3818 in
856 3754 958 3818 lexico
975 3774 1037 3818 suo
1058 3750 1217 3820 memorat
1233 3757 1321 3820 Nau·

246 3863 354 3950 plium
370 3857 567 3940 secundum,
583 3881 681 3945 quem
698 3859 825 3948 Seriphi
841 3875 874 3924 et
888 3859 1020 3924 Euboeae
1038 3859 1085 3946 (t)
1103 3883 1210 3950 regem
1225 3860 1318 3944 facit,

289 4105 327 4168 (ι)
345 4097 446 4169 Maiore
458 4096 536 4150 etiam
552 4095 720 4170 inquisitione
734 4095 813 4167 digna
827 4107 901 4162 sunt,
914 4114 974 4168 que
989 4096 1022 4150 de
1032 4101 1151 4165 Nauplio,
1175 4103 1279 4166 θυμω
1293 4099 1319 4150 in
