3006 4676
251 371 314 452 254
416 370 499 434 Pto
519 363 767 446 AUCTORE,
789 363 1157 430 SUPPLEMENTA

295 462 523 590 Respdndent,
540 495 736 583 tremulique
752 508 855 558 munt
871 495 1033 582 laquearia
1051 495 1138 560 tecti.

337 617 470 681 Haerent
482 613 603 678 obtutu
618 610 726 700 primo
740 607 942 691 Phaeacides,
955 609 1044 698 ipsos

293 713 479 822 Spectantes
495 726 641 814 Minyas,
657 739 691 790 et
705 742 842 812 corpora
860 721 933 788 diva
947 723 1105 790 virorum.
1285 739 1325 780 ns

292 843 445 933 Inprimis
463 845 577 906 natum
593 837 713 927 OEagri
729 837 890 902 mirantur
905 836 1051 902 hiantem

292 957 453 1038 Carmina,
463 977 534 1044 quae
544 973 691 1042 superos,
702 971 775 1039 quac
783 949 947 1032 homines,
956 972 1029 1038 quae
1042 965 1159 1016 tartara
1167 949 1322 1014 mulcent

292 1075 445 1139 Immistae
462 1069 580 1161 passim
598 1067 752 1157 nymphae
767 1064 943 1132 concordia
957 1067 1090 1132 uoltum

294 1192 378 1273 Ora,
390 1187 556 1275 deumque
573 1183 637 1249 tori
654 1180 777 1248 letanti
794 1181 940 1246 camnine
957 1177 1112 1262 adorant3

294 1303 447 1392 Solivagoe
463 1295 807 1381 modo,nunclau1m
825 1295 1048 1385 glomerantur
1065 1296 1100 1362 iu
1118 1295 1243 1362 orbem.
1284 1332 1324 1360 m

294 1419 398 1499 Nam,
413 1417 501 1481 bona
516 1416 621 1496 tuno,
640 1411 689 1478 tui
707 1411 843 1475 merum
859 1409 930 1476 hec
946 1409 1035 1475 dona
1050 1410 1185 1494 favoris,

295 1530 438 1596 Prodere
453 1551 527 1618 qam
548 1531 668 1593 Areten
685 1524 809 1605 jussisti
826 1523 925 1590 corda
940 1525 1059 1592 mariti.

247 1705 252 1720 ,
338 1644 515 1732 Postquam
532 1639 666 1706 sublimi
687 1639 769 1704 solio
789 1639 948 1706 sententia
964 1641 1027 1706 lata
1043 1657 1093 1706 est

296 1762 435 1827 Decreto
449 1757 595 1838 Alcinoi,
611 1752 737 1824 tumida
754 1753 985 1820 excandescere
1003 1773 1112 1822 mente

295 1872 464 1961 Incipiunt
477 1870 608 1954 Colchi,
625 1885 658 1934 et
675 1867 810 1933 fremitu
830 1867 1044 1959 indignantur
1060 1870 1160 1936 inani.
1287 1893 1324 1932 22⁵

294 1991 371 2054 Jura
389 2002 497 2051 tamen
515 1983 659 2051 didicere
674 1982 761 2072 pati,
774 1982 969 2070 justumque
984 1984 1088 2049 vereri
1271 1997 1274 2002 “

296 2102 478 2184 Iudicium,
496 2117 595 2190 atque
611 2098 738 2165 animos
754 2099 860 2186 positu
876 2099 1001 2164 feritate
1015 2098 1162 2166 domare.

295 2218 375 2282 Mox
390 2217 534 2281 subeunt
550 2215 605 2278 ire
620 2213 724 2302 regis,
740 2212 908 2302 fastusque
926 2213 1059 2302 superbi

297 2331 416 2414 AEetae3
433 2352 502 2395 non
519 2329 606 2393 ullus
624 2343 694 2394 erat
711 2342 777 2392 tam
793 2343 925 2416 pectore
942 2325 1037 2392 firmo
1255 2412 1261 2424 .

296 2446 444 2512 Tendere
458 2445 516 2534 qui
532 2441 574 2509 ad
590 2444 708 2533 patrias
723 2443 860 2510 auderet
875 2444 1011 2510 nuntius
1029 2465 1134 2510 aures.
1286 2464 1326 2503 ³30

296 2563 384 2651 Ergo
396 2559 534 2624 sollicito
549 2559 655 2624 vexati
670 2557 770 2622 corda
785 2581 906 2647 pavore

297 2677 472 2743 Alcinoum
488 2675 632 2766 rogitant
645 2672 750 2740 felicia
764 2672 843 2738 rura
859 2673 985 2741 colonis
1011 2681 1013 2686 ’

296 2790 416 2856 Tradat
432 2788 553 2855 aranda
572 2789 684 2872 novic;
701 2789 880 2878 patrieque
897 2787 998 2854 oblita
1015 2787 1157 2878 larisque

297 2905 468 2971 Phaeacum
483 2905 517 2968 in
535 2904 659 2992 populo
673 2903 793 2992 pariter
809 2925 888 2993 gens
902 2901 1024 2967 Colcha
1039 2919 1166 2993 recepte
1184 2920 1248 2988 est,

296 3020 404 3108 Coepit
421 3033 454 3082 et
475 3017 627 3082 humanis
645 3017 727 3082 ritus
742 3029 870 3082 mutare
888 3015 1029 3098 ferinos,
1245 3018 1251 3030 '
1286 3037 1324 3077 2³⁵

295 3135 410 3200 Donec
423 3131 615 3197 Banchiadte
633 3131 751 3195 bimari
766 3151 847 3221 gens
863 3147 934 3196 orta
950 3130 1127 3216 Corintho,

297 3246 439 3338 Ingressi
451 3243 585 3312 tandem
599 3247 701 3334 longo
717 3261 794 3334 post
807 3261 955 3336 tempore
971 3263 1088 3328 terram

298 3360 456 3450 Opposita
471 3359 534 3424 hos
550 3359 636 3448 cepit
652 3360 765 3450 pulsos
784 3384 862 3426 mcx
880 3363 1006 3444 insula,
1027 3379 1173 3446 montes,

297 3477 497 3562 Smnmaque
515 3473 659 3562 palantes
679 3489 816 3540 tenuem
835 3478 996 3542 Ceraunia
1013 3477 1179 3544 Abantum

297 3590 510 3676 Nestaeosque
528 3587 635 3670 locos,
647 3588 851 3678 allatumque*
861 3591 983 3657 Oricon
1003 3591 1114 3658 undis.
1291 3617 1329 3660 ato

299 3706 430 3770 Postera
447 3701 504 3766 sed
520 3703 612 3767 seclis
628 3701 765 3769 demum
779 3705 990 3771 volventibus
1008 3722 1084 3772 aetas

298 3820 418 3882 Annua
434 3813 572 3880 solemni
588 3792 763 3884 celebravil
777 3835 928 3908 tempore
946 3821 1028 3886 festa

301 3933 376 4012 Qua
389 3929 510 3994 Nomio
526 3932 637 4017 pontit
653 3931 768 3998 Medea
787 3935 899 4000 altaria
917 3935 1050 4002 Phoebo.

343 4043 496 4108 Alcinous
512 4043 642 4111 tandem
656 4047 776 4137 Minyis
790 4049 981 4116 cedentibus
998 4053 1084 4117 ultro
