3002 4680
242 327 285 412 94
550 317 806 384 c.vatnn11
834 319 1007 385 susem

287 453 431 542 Contigit
447 472 530 540 aegra
545 465 651 530 toros,
666 463 699 513 et
712 472 804 514 mens
820 449 952 514 incensa
965 449 1126 532 tenebris,
1303 469 1315 506 ⁵

287 569 422 632 Vertere
438 583 518 630 tunc
530 563 635 628 varios
650 587 709 653 per
722 565 819 654 longa
832 565 995 630 insomnia
1006 581 1157 654 questus,

288 687 356 750 Nec
369 697 479 774 pereat
492 703 558 768 quo
575 679 655 743 scire
669 678 772 761 malo;
785 677 983 766 tandemque
996 679 1089 743 fateri

288 804 377 865 Ausa
393 795 473 878 sibi,
487 793 631 884 paullum
649 793 758 858 medio
772 793 819 858 sic
833 795 898 858 fata
913 793 1028 858 dolore
1040 811 1107 860 est:

289 915 410 980 «Nunc
425 933 485 1002 ego
503 931 570 998 quo
585 931 678 991 casu,
694 910 746 973 vel
764 931 831 997 quo
850 909 896 973 sic
913 909 1047 1000 pervigil
1063 931 1169 998 usque

288 1033 362 1119 Ipsa
376 1027 489 1093 rolens
507 1048 616 1091 errore
630 1023 766 1090 trahor?
781 1048 849 1089 uon
863 1026 932 1089 haec
948 1025 1029 1122 inihi
1046 1041 1132 1090 certe

288 1143 365 1209 Nox
378 1156 446 1206 erat
461 1155 535 1204 ante
549 1154 641 1221 tuos,
652 1127 782 1220 juvenis
797 1139 987 1222 fortissime,
1001 1141 1121 1206 vultus

291 1259 385 1342 Quos
398 1278 458 1345 ego
472 1277 531 1320 cur
544 1254 662 1319 iterum
677 1252 811 1318 demens
823 1253 1010 1342 iterumque
1023 1251 1195 1334 recordor,

290 1374 372 1437 Tam
387 1379 506 1458 magno
523 1367 659 1432 discreta
673 1367 776 1431 mari?
792 1366 872 1454 quid
884 1368 920 1431 in
936 1367 1065 1455 hospite
1077 1367 1148 1431 eolo

290 1486 384 1552 Mens
397 1481 501 1548 mihi?
518 1481 648 1572 cognati
663 1481 771 1570 potius
782 1481 848 1561 jam
861 1482 980 1545 vellera
991 1481 1113 1570 Phryxi

291 1601 453 1689 Accipiat,
473 1620 545 1686 quae
562 1597 631 1660 sola
645 1597 746 1684 petit,
765 1618 902 1684 quaequc
919 1619 986 1660 una
1001 1573 1150 1678 labomin
1294 1619 1317 1658 ιε

290 1719 396 1780 Causa
411 1714 492 1778 viro.
510 1713 594 1776 Nam
613 1708 745 1804 qrsando
762 1707 878 1772 domos
891 1708 953 1776 *has
972 1709 1025 1774 ille
1041 1710 1180 1775 reviset?

291 1834 358 1896 Aut
373 1849 466 1893 rneus
479 1825 628 1890 AEsonias
644 1821 778 1911 quamdo
790 1837 882 1911 pater
893 1821 955 1886 ibit
965 1820 1008 1885 ad
1019 1821 1143 1886 urbes?

289 1945 429 2025 Felices,
445 1939 560 2005 mediis
577 1938 634 2026 qui
650 1960 685 2002 se
701 1937 777 2001 dare
789 1936 942 2002 fluctibus
956 1939 1042 2020 ausi,

277 2105 301 2150 6.
314 2104 339 2150 V
337 2102 391 2146 ario.
399 2097 474 2147 Valle·
485 2095 538 2144 eod.
548 2093 612 2142 uncle
621 2095 814 2157 uumquem-
826 2093 906 2141 fleins.
924 2119 955 2130 -·
972 2111 993 2154 7.
1009 2096 1045 2142 Ne
1055 2104 1144 2156 pereat.
1162 2095 1252 2140 Bonon,
1263 2093 1317 2139 cod,

249 2183 297 2228 Nee
312 2185 407 2239 poterat.
423 2175 513 2220 Bonos.
529 2173 540 2218 l
556 2179 580 2218 et
595 2171 626 2216 ll.
646 2171 711 2216 tunt.
730 2171 816 2216 Muer.
828 2171 928 2232 Engsut.
947 2170 1001 2217 Alit
1017 2172 1081 2217 Scire
1096 2169 1173 2216 medo.
1185 2170 1250 2216 Cass.
1264 2169 1317 2214 cod.

249 2262 273 2299 ct
282 2250 321 2297 ed.
332 2249 363 2295 ll.
373 2251 425 2295 Vet.
436 2245 507 2292 Paris.
520 2246 581 2291 Scire
589 2242 657 2289 rulo.
670 2242 789 2290 VitBon.
801 2245 871 2292 codd.
886 2255 909 2292 et
922 2245 977 2293 eud.
994 2256 1049 2292 ante
1062 2247 1127 2293 Csrr.
1144 2245 1181 2300 11,
1199 2243 1319 2292 usualiter

250 2329 306 2375 clar.
321 2324 411 2371 Harles.
432 2347 462 2358 -
480 2335 516 2367 ro.
536 2323 588 2365 Non
604 2334 658 2380 ergo
675 2320 737 2367 mitt.
754 2322 843 2366 Bonou.
861 2320 914 2366 cod.
926 2323 978 2367 Non
995 2337 1038 2382 ego
1054 2321 1116 2366 milii.
1128 2321 1205 2366 uum.
1217 2318 1271 2367 cod.
1287 2343 1318 2354 υ-

252 2403 289 2450 ro.
302 2404 357 2448 Iam
372 2396 474 2461 quando.
491 2397 581 2442 Bouou.
597 2394 652 2440 cod.
666 2395 710 2440 En.

247 2543 353 2610 gaudia,
365 2537 492 2590 dilectum
500 2536 633 2601 Jasouem,
641 2536 761 2606 respexit.
805 2539 858 2587 leus
867 2555 948 2588 errore
956 2539 1061 2588 emtori
1069 2534 1116 2607 qui
1124 2533 1319 2603 fit,usnoetes,

288 2621 312 2673 5.
323 2620 429 2686 Corrupit
438 2633 508 2684 egra
518 2630 594 2676 soros,
603 2614 760 2680 thalamum,
804 2625 936 2688 quotquot
949 2627 1028 2679 eunt,
1043 2614 1138 2667 lubens
1153 2627 1225 2668 tauta
1236 2614 1318 2668 animi

251 2715 276 2751 es
285 2717 353 2750 mens
363 2699 465 2748 incensa
477 2697 590 2747 tenebris.
603 2695 643 2746 De
652 2711 760 2765 oxymo·
806 2693 980 2747 inconstantia
996 2692 1156 2764 transigam?
1173 2699 1229 2746 Non
1250 2698 1316 2755 lioee,

251 2799 297 2844 ro,
307 2795 398 2850 spero,
409 2774 438 2827 h.
448 2772 662 2845 1.n0neogiuvis
672 2784 760 2844 poeta,
805 2791 859 2826 uon
872 2773 909 2826 ita
922 2773 1040 2844 inquieta
1053 2772 1102 2825 tuit
1112 2810 1120 2836 ‚
1129 2793 1183 2825 noe
1194 2789 1253 2826 unse
1265 2788 1319 2824 aios

251 2873 404 2931 quanquam
423 2852 509 2918 iufra,
531 2874 557 2906 v.
579 2852 625 2924 73,
648 2856 761 2904 tenebras
806 2856 902 2914 uuiuu,
914 2865 1058 2924 autequam
1068 2862 1094 2904 te
1106 2851 1241 2924 conspexi.

242 2942 428 3008 flammasque,
445 2947 487 3003 et,
503 2955 527 2989 v.
554 2933 623 3000 565,
646 2935 760 2984 ardentes
845 2930 1207 2998 12.Quos(rultus)surtam
1218 2935 1340 2984 donent,

251 3021 362 3072 tenebras
370 3017 473 3092 juugi13
485 3016 525 3069 nil
534 3015 585 3068 uisi
598 3015 650 3067 hoc
664 3011 761 3068 voluit:
806 3014 891 3062 iteratus
901 3014 1035 3077 iterumque
1046 3013 1181 3062 recordor?
1193 3029 1242 3063 cur
1254 3027 1320 3062 sem·

252 3098 443 3170 pestilentium
455 3096 557 3159 noctis,
569 3094 617 3148 ubi
629 3093 707 3146 rehtu
719 3110 763 3143 ex·
807 3107 855 3161 per
870 3089 954 3142 oculis
971 3100 1098 3160 tunquam
1113 3100 1255 3159 presentes
1270 3089 1320 3140 ob·

252 3177 332 3231 ternis
354 3193 445 3230 seusus
462 3193 516 3226 non
536 3173 691 3237 turbantur,
710 3169 765 3222 ani·
808 3167 964 3222 versantur?
975 3171 1042 3235 Quid
1051 3171 1076 3218 in
1090 3169 1181 3235 hospite
1191 3173 1319 3222 tolomeus

252 3274 313 3308 mus
321 3255 428 3325 virginis
438 3252 520 3322 magis
529 3251 642 3305 intentus
651 3248 685 3302 ud
696 3267 764 3312 rem,
808 3250 884 3300 milri!
899 3245 979 3300 Ovid.
997 3247 1016 3298 l.
1028 3247 1047 3298 l.
1059 3265 1085 3298 v.
1101 3265 1131 3298 st
1145 3251 1226 3315 :quid
1236 3251 1261 3299 in
1275 3250 1319 3298 ho·

253 3331 370 3408 quoeipsi
381 3349 451 3384 curse
462 3341 536 3401 esset.
809 3329 1062 3395 spite,regianirgo,
1079 3328 1180 3378 Uren'se’

290 3416 315 3465 6.
325 3419 425 3463 Vertere
431 3413 516 3462 uarios
526 3422 636 3477 questus,
645 3405 764 3472 variare,
847 3405 887 3458 16.
901 3409 998 3462 Vellera
1012 3407 1135 3472 accipiat,
1150 3425 1205 3473 quoe
1214 3409 1270 3457 sola
1276 3424 1320 3472 pe·

254 3509 309 3546 uon
319 3509 373 3544 uuo
386 3488 466 3542 modo
476 3506 566 3543 secum
575 3487 632 3558 ipsa
640 3486 722 3557 queri
808 3487 850 3546 tit,
861 3505 966 3553 querque
975 3503 1027 3536 uuo
1042 3488 1152 3536 laborum
1165 3504 1243 3536 eausa
1253 3487 1319 3536 uiro.

290 3591 315 3642 7.
326 3577 379 3624 Nee
389 3584 475 3638 pereat
484 3587 532 3636 quo
543 3570 606 3619 scire
618 3569 697 3626 meio,
708 3577 765 3615 tars-
809 3566 867 3618 Non
880 3583 941 3617 mea
956 3581 1033 3618 causa
1048 3564 1102 3616 huc
1113 3564 1200 3630 venit,
1212 3563 1321 3615 fortasse

255 3657 359 3718 demque
357 3651 438 3719 fateri
447 3667 510 3699 ausa
519 3649 572 3699 sibi.
579 3645 636 3698 Hoc
642 3642 764 3708 Ovidius,
808 3644 886 3718 plane
898 3643 999 3696 nullam
1017 3642 1069 3695 mei
1084 3641 1213 3695 rationem
1223 3641 1321 3705 habet,

255 3749 335 3803 quem
354 3729 462 3782 omuino
482 3727 535 3779 huc
551 3724 673 3779 conserte
692 3721 766 3776 haud
809 3724 848 3776 nil
859 3741 902 3775 me
911 3733 995 3776 curat.
1005 3721 1058 3775 Fac
1068 3739 1132 3774 vero
1141 3719 1322 3786 itaesse,lierl

255 3808 406 3882 poenitebit,
420 3807 530 3858 Metam.
545 3801 765 3866 v11,12,deea·
810 3815 897 3856 tamen
916 3820 970 3855 uon
987 3811 1088 3874 potest,
1105 3813 1134 3853 ut
1150 3817 1269 3872 unquam
1287 3796 1322 3850 ad

256 3889 317 3943 dem
327 3885 422 3942 Medea
433 3903 440 3938 t
451 3888 597 3951 ruinamque,
608 3885 657 3934 uisi
664 3885 709 3933 hoc
718 3896 765 3943 est,
810 3901 859 3936 nos
868 3879 973 3947 redeat,
985 3879 1027 3934 vel
1040 3892 1070 3932 ut
1079 3895 1157 3952 pater
1169 3879 1198 3932 in
1208 3877 1322 3932 Thessa·

259 3978 311 4021 Aut
325 3970 422 4036 eliqru'd
435 3980 501 4018 certe
520 3967 598 4016 simile
614 3965 683 4024 huic,
699 3966 767 4029 quod
809 3962 871 4015 liam
881 3961 1072 4032 iter-suscipiat.

256 4067 345 4102 amare
358 4060 472 4099 uocamr.
745 4077 748 4088 ·
847 4043 887 4094 18.
897 4045 986 4092 Felices
1005 4039 1187 4112 periculorum
1204 4041 1260 4109 ejus
1279 4055 1322 4088 co·

293 4146 319 4195 9.
333 4134 386 4195 Quo
400 4129 434 4177 sie
445 4125 550 4192 pervigil
563 4141 638 4190 nsque
650 4125 703 4189 ipsa
720 4141 764 4172 vo·
808 4122 901 4186 mites,
921 4131 969 4173 etc.
990 4121 1022 4172 In
1041 4119 1084 4172 his
1103 4117 1229 4171 omnibus
1246 4114 1322 4169 diesi-
