<?xml version="1.0" encoding="UTF-8"?>
<!DOCTYPE html PUBLIC "-//W3C//DTD XHTML 1.0 Transitional//EN"
    "http://www.w3.org/TR/xhtml1/DTD/xhtml1-transitional.dtd">
<html xmlns="http://www.w3.org/1999/xhtml" xml:lang="en" lang="en">
 <head>
  <title>
</title>
<meta http-equiv="Content-Type" content="text/html;charset=utf-8" />
  <meta name='ocr-system' content='tesseract 3.04.00' />
  <meta name='ocr-capabilities' content='ocr_page ocr_carea ocr_par ocr_line ocrx_word'/>
</head>
<body>
  <div class='ocr_page' id='page_1' title='image "./cvaleriiflaccis02apolgoog_0060.png"; bbox 0 0 3002 4680; ppageno 0'>
   <div class='ocr_carea' id='block_1_1' title="bbox 263 369 1321 2314">
    <p class='ocr_par' dir='ltr' id='par_1_1' title="bbox 550 369 1005 435">
     <span class='ocr_line' id='line_1_1' title="bbox 550 369 1005 435; baseline 0.002 -3"><span class='ocrx_word' id='word_1_1' title='bbox 550 370 585 432; x_wconf 91' lang='lat' dir='ltr'><strong>C.</strong></span> <span class='ocrx_word' id='word_1_2' title='bbox 608 369 804 433; x_wconf 81' lang='lat' dir='ltr'><strong>VALERII</strong></span> <span class='ocrx_word' id='word_1_3' title='bbox 832 370 1005 435; x_wconf 83' lang='lat' dir='ltr'><strong>FLACCl</strong></span> 
     </span>
    </p>

    <p class='ocr_par' dir='ltr' id='par_1_2' title="bbox 286 497 1031 588">
     <span class='ocr_line' id='line_1_2' title="bbox 286 497 1031 588; baseline 0 -26"><span class='ocrx_word' id='word_1_4' title='bbox 286 497 404 564; x_wconf 81' lang='lat' dir='ltr'>Debita</span> <span class='ocrx_word' id='word_1_5' title='bbox 419 497 548 587; x_wconf 75' lang='lat' dir='ltr'>cognati</span> <span class='ocrx_word' id='word_1_6' title='bbox 563 498 681 586; x_wconf 84' lang='lat' dir='ltr'><strong>repetit</strong></span> <span class='ocrx_word' id='word_1_7' title='bbox 697 501 752 586; x_wconf 88' lang='lat' dir='ltr'><strong>qui</strong></span> <span class='ocrx_word' id='word_1_8' title='bbox 766 500 882 580; x_wconf 82' lang='lat' dir='ltr'><strong>vellera</strong></span> <span class='ocrx_word' id='word_1_9' title='bbox 894 499 1031 588; x_wconf 72' lang='lat' dir='ltr'><strong>Phryxi,</strong></span> 
     </span>
    </p>

    <p class='ocr_par' dir='ltr' id='par_1_3' title="bbox 263 612 1307 936">
     <span class='ocr_line' id='line_1_3' title="bbox 285 612 1266 704; baseline 0.004 -28"><span class='ocrx_word' id='word_1_10' title='bbox 285 614 354 677; x_wconf 91' lang='lat' dir='ltr'><strong>Nec</strong></span> <span class='ocrx_word' id='word_1_11' title='bbox 371 635 460 678; x_wconf 86' lang='lat' dir='ltr'><strong>nuuc</strong></span> <span class='ocrx_word' id='word_1_12' title='bbox 477 612 573 681; x_wconf 82' lang='lat' dir='ltr'><strong>laude</strong></span> <span class='ocrx_word' id='word_1_13' title='bbox 590 614 680 700; x_wconf 83' lang='lat' dir='ltr'><strong>prior</strong></span> <span class='ocrx_word' id='word_1_14' title='bbox 695 615 841 702; x_wconf 76' lang='lat' dir='ltr'><strong>generis,</strong></span> <span class='ocrx_word' id='word_1_15' title='bbox 860 637 920 679; x_wconf 84' lang='lat' dir='ltr'><strong>nac</strong></span> <span class='ocrx_word' id='word_1_16' title='bbox 937 614 1102 704; x_wconf 75' lang='lat' dir='ltr'>sanguinis</span> <span class='ocrx_word' id='word_1_17' title='bbox 1120 637 1266 702; x_wconf 89' lang='lat' dir='ltr'><strong>usquam.</strong></span> 
     </span>
     <span class='ocr_line' id='line_1_4' title="bbox 287 728 1307 820; baseline -0.005 -26"><span class='ocrx_word' id='word_1_18' title='bbox 287 729 431 817; x_wconf 85' lang='lat' dir='ltr'><strong>Aspicis,</strong></span> <span class='ocrx_word' id='word_1_19' title='bbox 446 745 484 794; x_wconf 87' lang='lat' dir='ltr'><strong>ut</strong></span> <span class='ocrx_word' id='word_1_20' title='bbox 498 729 624 818; x_wconf 77' lang='lat' dir='ltr'><strong>Minyas</strong></span> <span class='ocrx_word' id='word_1_21' title='bbox 639 728 726 794; x_wconf 87' lang='lat' dir='ltr'><strong>inter</strong></span> <span class='ocrx_word' id='word_1_22' title='bbox 737 753 951 818; x_wconf 76' lang='lat' dir='ltr'><strong>proceresque</strong></span> <span class='ocrx_word' id='word_1_23' title='bbox 964 733 1089 820; x_wconf 68' lang='lat' dir='ltr'><strong>Cytaeos</strong></span> <span class='ocrx_word' id='word_1_24' title='bbox 1224 749 1226 760; x_wconf 73' lang='lat'><strong><em>¹</em></strong></span> <span class='ocrx_word' id='word_1_25' title='bbox 1268 747 1307 802; x_wconf 74' lang='lat'><strong>⁵9⁵</strong></span> 
     </span>
     <span class='ocr_line' id='line_1_5' title="bbox 263 845 1102 936; baseline 0.005 -28"><span class='ocrx_word' id='word_1_26' title='bbox 263 853 266 861; x_wconf 94' lang='lat'>&#39;</span> <span class='ocrx_word' id='word_1_27' title='bbox 285 845 411 909; x_wconf 87' lang='lat' dir='ltr'><strong>Emicet</strong></span> <span class='ocrx_word' id='word_1_28' title='bbox 424 845 600 936; x_wconf 72' lang='lat' dir='ltr'><strong>effulgens,</strong></span> <span class='ocrx_word' id='word_1_29' title='bbox 614 847 809 934; x_wconf 79' lang='lat' dir='ltr'><strong>quantisque</strong></span> <span class='ocrx_word' id='word_1_30' title='bbox 821 846 954 910; x_wconf 88' lang='lat' dir='ltr'><strong>insultet</strong></span> <span class='ocrx_word' id='word_1_31' title='bbox 967 849 1102 928; x_wconf 78' lang='lat' dir='ltr'><strong>acervis3</strong></span> 
     </span>
    </p>

    <p class='ocr_par' dir='ltr' id='par_1_4' title="bbox 285 959 1126 1050">
     <span class='ocr_line' id='line_1_6' title="bbox 285 959 1126 1050; baseline 0.002 -26"><span class='ocrx_word' id='word_1_32' title='bbox 285 961 329 1024; x_wconf 89' lang='lat' dir='ltr'><strong>Et</strong></span> <span class='ocrx_word' id='word_1_33' title='bbox 342 959 407 1040; x_wconf 88' lang='lat' dir='ltr'><strong>jam</strong></span> <span class='ocrx_word' id='word_1_34' title='bbox 422 961 493 1024; x_wconf 87' lang='lat' dir='ltr'><strong>vela</strong></span> <span class='ocrx_word' id='word_1_35' title='bbox 505 960 612 1042; x_wconf 82' lang='lat' dir='ltr'><strong>dabit,</strong></span> <span class='ocrx_word' id='word_1_36' title='bbox 625 961 691 1040; x_wconf 78' lang='lat' dir='ltr'><strong>jam</strong></span> <span class='ocrx_word' id='word_1_37' title='bbox 706 961 801 1026; x_wconf 79' lang='lat' dir='ltr'><strong>litora</strong></span> <span class='ocrx_word' id='word_1_38' title='bbox 819 978 929 1026; x_wconf 85' lang='lat' dir='ltr'><strong>nostra</strong></span> <span class='ocrx_word' id='word_1_39' title='bbox 943 963 1126 1050; x_wconf 74' lang='lat' dir='ltr'><strong>adinquet,</strong></span> 
     </span>
    </p>

    <p class='ocr_par' dir='ltr' id='par_1_5' title="bbox 286 1074 1028 1166">
     <span class='ocr_line' id='line_1_7' title="bbox 286 1074 1028 1166; baseline 0.003 -28"><span class='ocrx_word' id='word_1_40' title='bbox 286 1075 456 1140; x_wconf 80' lang='lat' dir='ltr'><strong>Thessaliae</strong></span> <span class='ocrx_word' id='word_1_41' title='bbox 471 1075 572 1139; x_wconf 88' lang='lat' dir='ltr'><strong>felicis</strong></span> <span class='ocrx_word' id='word_1_42' title='bbox 591 1097 684 1164; x_wconf 80' lang='lat' dir='ltr'><strong>opes,</strong></span> <span class='ocrx_word' id='word_1_43' title='bbox 700 1074 882 1165; x_wconf 86' lang='lat' dir='ltr'><strong>dilectaque</strong></span> <span class='ocrx_word' id='word_1_44' title='bbox 898 1077 1028 1166; x_wconf 75' lang='lat' dir='ltr'><strong>Phryne</strong></span> 
     </span>
    </p>

    <p class='ocr_par' dir='ltr' id='par_1_6' title="bbox 285 1191 1321 1512">
     <span class='ocr_line' id='line_1_8' title="bbox 287 1191 1267 1280; baseline 0.003 -27"><span class='ocrx_word' id='word_1_45' title='bbox 287 1191 375 1254; x_wconf 80' lang='lat' dir='ltr'><strong>Rtua</strong></span> <span class='ocrx_word' id='word_1_46' title='bbox 392 1205 522 1278; x_wconf 82' lang='lat' dir='ltr'><strong>petens3</strong></span> <span class='ocrx_word' id='word_1_47' title='bbox 539 1205 590 1256; x_wconf 87' lang='lat' dir='ltr'><strong>eat</strong></span> <span class='ocrx_word' id='word_1_48' title='bbox 606 1207 705 1278; x_wconf 89' lang='lat' dir='ltr'><strong>atque</strong></span> <span class='ocrx_word' id='word_1_49' title='bbox 721 1191 867 1273; x_wconf 69' lang='lat' dir='ltr'><strong>nonem,</strong></span> <span class='ocrx_word' id='word_1_50' title='bbox 883 1208 1079 1280; x_wconf 80' lang='lat' dir='ltr'><strong>superetque</strong></span> <span class='ocrx_word' id='word_1_51' title='bbox 1096 1191 1267 1256; x_wconf 80' lang='lat' dir='ltr'><strong>laboresl»</strong></span> 
     </span>
     <span class='ocr_line' id='line_1_9' title="bbox 286 1299 1321 1396; baseline -0.004 -26"><span class='ocrx_word' id='word_1_52' title='bbox 286 1306 429 1370; x_wconf 77' lang='lat' dir='ltr'><strong>Tantum</strong></span> <span class='ocrx_word' id='word_1_53' title='bbox 447 1306 561 1389; x_wconf 79' lang='lat' dir='ltr'><strong>effata,</strong></span> <span class='ocrx_word' id='word_1_54' title='bbox 578 1306 679 1396; x_wconf 49' lang='lat' dir='ltr'><strong>meme</strong></span> <span class='ocrx_word' id='word_1_55' title='bbox 698 1307 820 1395; x_wconf 87' lang='lat' dir='ltr'><strong>campis</strong></span> <span class='ocrx_word' id='word_1_56' title='bbox 838 1305 1008 1372; x_wconf 82' lang='lat' dir='ltr'><strong>intendere</strong></span> <span class='ocrx_word' id='word_1_57' title='bbox 1027 1305 1159 1388; x_wconf 88' lang='lat' dir='ltr'><strong>suadet,</strong></span> <span class='ocrx_word' id='word_1_58' title='bbox 1271 1299 1321 1366; x_wconf 66' lang='lat' dir='ltr'><strong>sss</strong></span> 
     </span>
     <span class='ocr_line' id='line_1_10' title="bbox 285 1418 1155 1512; baseline 0.001 -27"><span class='ocrx_word' id='word_1_59' title='bbox 285 1422 373 1485; x_wconf 89' lang='lat' dir='ltr'><strong>Dum</strong></span> <span class='ocrx_word' id='word_1_60' title='bbox 390 1418 497 1501; x_wconf 83' lang='lat' dir='ltr'><strong>datur,</strong></span> <span class='ocrx_word' id='word_1_61' title='bbox 511 1420 728 1509; x_wconf 85' lang='lat' dir='ltr'><strong>ardentesque</strong></span> <span class='ocrx_word' id='word_1_62' title='bbox 744 1423 804 1486; x_wconf 85' lang='lat' dir='ltr'><strong>viri</strong></span> <span class='ocrx_word' id='word_1_63' title='bbox 818 1443 1008 1512; x_wconf 87' lang='lat' dir='ltr'><strong>percurrere</strong></span> <span class='ocrx_word' id='word_1_64' title='bbox 1020 1443 1155 1512; x_wconf 82' lang='lat' dir='ltr'><strong>pugnas.</strong></span> 
     </span>
    </p>

    <p class='ocr_par' dir='ltr' id='par_1_7' title="bbox 332 1515 1180 1616">
     <span class='ocr_line' id='line_1_11' title="bbox 332 1515 1180 1616; baseline 0.002 -17"><span class='ocrx_word' id='word_1_65' title='bbox 332 1536 374 1601; x_wconf 88' lang='lat' dir='ltr'><strong>At</strong></span> <span class='ocrx_word' id='word_1_66' title='bbox 389 1515 486 1598; x_wconf 90' lang='lat' dir='ltr'><strong>simul</strong></span> <span class='ocrx_word' id='word_1_67' title='bbox 505 1534 588 1598; x_wconf 88' lang='lat' dir='ltr'><strong>hanc</strong></span> <span class='ocrx_word' id='word_1_68' title='bbox 603 1535 717 1616; x_wconf 89' lang='lat' dir='ltr'><strong>dictis,</strong></span> <span class='ocrx_word' id='word_1_69' title='bbox 734 1535 826 1601; x_wconf 91' lang='lat' dir='ltr'><strong>illum</strong></span> <span class='ocrx_word' id='word_1_70' title='bbox 842 1535 902 1600; x_wconf 87' lang='lat' dir='ltr'><strong>dea</strong></span> <span class='ocrx_word' id='word_1_71' title='bbox 917 1551 1019 1598; x_wconf 86' lang='lat' dir='ltr'><strong>marte</strong></span> <span class='ocrx_word' id='word_1_72' title='bbox 1036 1536 1180 1601; x_wconf 90' lang='lat' dir='ltr'><strong>secundo</strong></span> 
     </span>
    </p>

    <p class='ocr_par' dir='ltr' id='par_1_8' title="bbox 289 1648 1083 1736">
     <span class='ocr_line' id='line_1_12' title="bbox 289 1648 1083 1736; baseline 0.005 -26"><span class='ocrx_word' id='word_1_73' title='bbox 289 1648 437 1734; x_wconf 89' lang='lat' dir='ltr'><strong>Impulit,</strong></span> <span class='ocrx_word' id='word_1_74' title='bbox 453 1664 551 1736; x_wconf 83' lang='lat' dir='ltr'><strong>atque</strong></span> <span class='ocrx_word' id='word_1_75' title='bbox 566 1669 666 1712; x_wconf 87' lang='lat' dir='ltr'><strong>novas</strong></span> <span class='ocrx_word' id='word_1_76' title='bbox 681 1651 747 1736; x_wconf 86' lang='lat' dir='ltr'><strong>egit</strong></span> <span class='ocrx_word' id='word_1_77' title='bbox 765 1649 826 1712; x_wconf 90' lang='lat' dir='ltr'><strong>sub</strong></span> <span class='ocrx_word' id='word_1_78' title='bbox 844 1665 974 1736; x_wconf 77' lang='lat' dir='ltr'><strong>pectora</strong></span> <span class='ocrx_word' id='word_1_79' title='bbox 990 1650 1083 1714; x_wconf 80' lang='lat' dir='ltr'><strong>vires.</strong></span> 
     </span>
    </p>

    <p class='ocr_par' dir='ltr' id='par_1_9' title="bbox 292 1762 1028 1844">
     <span class='ocr_line' id='line_1_13' title="bbox 292 1762 1028 1844; baseline 0.003 -17"><span class='ocrx_word' id='word_1_80' title='bbox 292 1763 358 1827; x_wconf 88' lang='lat' dir='ltr'><strong>Ora</strong></span> <span class='ocrx_word' id='word_1_81' title='bbox 375 1764 437 1828; x_wconf 90' lang='lat' dir='ltr'><strong>sub</strong></span> <span class='ocrx_word' id='word_1_82' title='bbox 453 1766 578 1829; x_wconf 84' lang='lat' dir='ltr'><strong>excelso</strong></span> <span class='ocrx_word' id='word_1_83' title='bbox 592 1765 658 1844; x_wconf 90' lang='lat' dir='ltr'><strong>jam</strong></span> <span class='ocrx_word' id='word_1_84' title='bbox 676 1762 803 1828; x_wconf 89' lang='lat' dir='ltr'><strong>dudum</strong></span> <span class='ocrx_word' id='word_1_85' title='bbox 820 1766 939 1829; x_wconf 87' lang='lat' dir='ltr'><strong>vertice</strong></span> <span class='ocrx_word' id='word_1_86' title='bbox 953 1766 1028 1829; x_wconf 89' lang='lat' dir='ltr'><strong>coni</strong></span> 
     </span>
    </p>

    <p class='ocr_par' dir='ltr' id='par_1_10' title="bbox 291 1860 1312 2080">
     <span class='ocr_line' id='line_1_14' title="bbox 291 1860 1312 1966; baseline 0.004 -24"><span class='ocrx_word' id='word_1_87' title='bbox 291 1879 377 1942; x_wconf 83' lang='lat' dir='ltr'><strong>Saeva</strong></span> <span class='ocrx_word' id='word_1_88' title='bbox 396 1879 534 1959; x_wconf 91' lang='lat' dir='ltr'><strong>micant;</strong></span> <span class='ocrx_word' id='word_1_89' title='bbox 552 1860 717 1966; x_wconf 87' lang='lat' dir='ltr'><strong>cursuque</strong></span> <span class='ocrx_word' id='word_1_90' title='bbox 731 1877 885 1960; x_wconf 87' lang='lat' dir='ltr'><strong>ardescit,</strong></span> <span class='ocrx_word' id='word_1_91' title='bbox 905 1903 965 1944; x_wconf 89' lang='lat' dir='ltr'><strong>nec</strong></span> <span class='ocrx_word' id='word_1_92' title='bbox 982 1881 1062 1963; x_wconf 89' lang='lat' dir='ltr'><strong>tibi,</strong></span> <span class='ocrx_word' id='word_1_93' title='bbox 1079 1882 1193 1966; x_wconf 86' lang='lat' dir='ltr'><strong>Perse,</strong></span> <span class='ocrx_word' id='word_1_94' title='bbox 1273 1900 1312 1938; x_wconf 74' lang='lat'><strong>⁶⁰⁵</strong></span> 
     </span>
     <span class='ocr_line' id='line_1_15' title="bbox 291 1987 1076 2080; baseline 0.004 -24"><span class='ocrx_word' id='word_1_95' title='bbox 291 1993 361 2056; x_wconf 91' lang='lat' dir='ltr'><strong>Nec</strong></span> <span class='ocrx_word' id='word_1_96' title='bbox 373 1987 449 2074; x_wconf 88' lang='lat' dir='ltr'><strong>tibi,</strong></span> <span class='ocrx_word' id='word_1_97' title='bbox 464 1992 570 2080; x_wconf 82' lang='lat' dir='ltr'><strong>virgo,</strong></span> <span class='ocrx_word' id='word_1_98' title='bbox 581 1991 667 2072; x_wconf 83' lang='lat' dir='ltr'><strong>jubae</strong></span> <span class='ocrx_word' id='word_1_99' title='bbox 679 1991 813 2056; x_wconf 77' lang='lat' dir='ltr'><strong>laetabile</strong></span> <span class='ocrx_word' id='word_1_100' title='bbox 826 1991 915 2056; x_wconf 89' lang='lat' dir='ltr'><strong>sidus</strong></span> <span class='ocrx_word' id='word_1_101' title='bbox 929 1994 1076 2078; x_wconf 69' lang='lat' dir='ltr'><strong>Achivae,</strong></span> 
     </span>
    </p>

    <p class='ocr_par' dir='ltr' id='par_1_11' title="bbox 291 2106 977 2194">
     <span class='ocr_line' id='line_1_16' title="bbox 291 2106 977 2194; baseline 0.001 -23"><span class='ocrx_word' id='word_1_102' title='bbox 291 2111 377 2171; x_wconf 89' lang='lat' dir='ltr'><strong>Acer</strong></span> <span class='ocrx_word' id='word_1_103' title='bbox 387 2122 425 2168; x_wconf 91' lang='lat' dir='ltr'><strong>ut</strong></span> <span class='ocrx_word' id='word_1_104' title='bbox 437 2107 587 2171; x_wconf 85' lang='lat' dir='ltr'><strong>autumni</strong></span> <span class='ocrx_word' id='word_1_105' title='bbox 599 2106 702 2187; x_wconf 90' lang='lat' dir='ltr'><strong>canis,</strong></span> <span class='ocrx_word' id='word_1_106' title='bbox 714 2108 862 2194; x_wconf 85' lang='lat' dir='ltr'><strong>iratoque</strong></span> <span class='ocrx_word' id='word_1_107' title='bbox 872 2109 977 2172; x_wconf 87' lang='lat' dir='ltr'><strong>vocati</strong></span> 
     </span>
    </p>

    <p class='ocr_par' dir='ltr' id='par_1_12' title="bbox 292 2223 998 2314">
     <span class='ocr_line' id='line_1_17' title="bbox 292 2223 998 2314; baseline 0.003 -25"><span class='ocrx_word' id='word_1_108' title='bbox 292 2225 344 2290; x_wconf 84' lang='lat' dir='ltr'><strong>Ab</strong></span> <span class='ocrx_word' id='word_1_109' title='bbox 355 2225 434 2288; x_wconf 83' lang='lat' dir='ltr'><strong>Jove</strong></span> <span class='ocrx_word' id='word_1_110' title='bbox 445 2223 554 2288; x_wconf 82' lang='lat' dir='ltr'><strong>fatales</strong></span> <span class='ocrx_word' id='word_1_111' title='bbox 566 2223 607 2288; x_wconf 87' lang='lat' dir='ltr'><strong>ad</strong></span> <span class='ocrx_word' id='word_1_112' title='bbox 619 2246 718 2314; x_wconf 86' lang='lat' dir='ltr'><strong>regna</strong></span> <span class='ocrx_word' id='word_1_113' title='bbox 727 2225 844 2308; x_wconf 85' lang='lat' dir='ltr'><strong>injusta</strong></span> <span class='ocrx_word' id='word_1_114' title='bbox 857 2242 998 2290; x_wconf 86' lang='lat' dir='ltr'><strong>cometae.</strong></span> 
     </span>
    </p>
   </div>
   <div class='ocr_carea' id='block_1_2' title="bbox 294 2337 1128 2430">
    <p class='ocr_par' dir='ltr' id='par_1_13' title="bbox 294 2337 1128 2430">
     <span class='ocr_line' id='line_1_18' title="bbox 294 2337 1128 2430; baseline 0.006 -27"><span class='ocrx_word' id='word_1_115' title='bbox 294 2340 326 2403; x_wconf 92' lang='lat' dir='ltr'>N</span> <span class='ocrx_word' id='word_1_116' title='bbox 327 2361 364 2403; x_wconf 91' lang='lat' dir='ltr'><strong>ec</strong></span> <span class='ocrx_word' id='word_1_117' title='bbox 376 2361 434 2402; x_wconf 90' lang='lat' dir='ltr'><strong>sua</strong></span> <span class='ocrx_word' id='word_1_118' title='bbox 446 2337 621 2405; x_wconf 87' lang='lat' dir='ltr'><strong>Crethiden</strong></span> <span class='ocrx_word' id='word_1_119' title='bbox 633 2339 727 2406; x_wconf 90' lang='lat' dir='ltr'><strong>latuit</strong></span> <span class='ocrx_word' id='word_1_120' title='bbox 737 2338 812 2422; x_wconf 84' lang='lat' dir='ltr'><strong>dea,</strong></span> <span class='ocrx_word' id='word_1_121' title='bbox 824 2341 955 2430; x_wconf 83' lang='lat' dir='ltr'><strong>vimque</strong></span> <span class='ocrx_word' id='word_1_122' title='bbox 966 2361 1128 2408; x_wconf 88' lang='lat' dir='ltr'><strong>recentem</strong></span> 
     </span>
    </p>
   </div>
   <div class='ocr_carea' id='block_1_3' title="bbox 253 2538 1319 2688">
    <p class='ocr_par' dir='ltr' id='par_1_14' title="bbox 253 2538 1319 2688">
     <span class='ocr_line' id='line_1_19' title="bbox 284 2538 1318 2603; baseline 0.009 -18"><span class='ocrx_word' id='word_1_123' title='bbox 284 2541 340 2603; x_wconf 70' lang='lat'><strong>594.</strong></span> <span class='ocrx_word' id='word_1_124' title='bbox 355 2539 525 2601; x_wconf 60' lang='lat' dir='ltr'><strong>antepraeer.</strong></span> <span class='ocrx_word' id='word_1_125' title='bbox 537 2538 614 2586; x_wconf 79' lang='lat' dir='ltr'><strong>Vatia.</strong></span> <span class='ocrx_word' id='word_1_126' title='bbox 631 2542 721 2586; x_wconf 78' lang='lat' dir='ltr'><strong>Boron.</strong></span> <span class='ocrx_word' id='word_1_127' title='bbox 741 2543 811 2590; x_wconf 83' lang='lat' dir='ltr'><strong>codd.</strong></span> <span class='ocrx_word' id='word_1_128' title='bbox 828 2545 918 2592; x_wconf 85' lang='lat' dir='ltr'><strong>Bonon.</strong></span> <span class='ocrx_word' id='word_1_129' title='bbox 935 2547 945 2592; x_wconf 95' lang='lat' dir='ltr'><strong>l</strong></span> <span class='ocrx_word' id='word_1_130' title='bbox 968 2555 992 2592; x_wconf 87' lang='lat' dir='ltr'><strong>et</strong></span> <span class='ocrx_word' id='word_1_131' title='bbox 1012 2547 1044 2592; x_wconf 91' lang='lat' dir='ltr'><strong>ll.</strong></span> <span class='ocrx_word' id='word_1_132' title='bbox 1062 2549 1126 2592; x_wconf 81' lang='lat' dir='ltr'><strong>tunt.</strong></span> <span class='ocrx_word' id='word_1_133' title='bbox 1137 2547 1190 2593; x_wconf 79' lang='lat' dir='ltr'><strong>ttd.</strong></span> <span class='ocrx_word' id='word_1_134' title='bbox 1204 2549 1252 2595; x_wconf 80' lang='lat' dir='ltr'><strong>Nec</strong></span> <span class='ocrx_word' id='word_1_135' title='bbox 1264 2566 1318 2594; x_wconf 79' lang='lat' dir='ltr'><strong>san·</strong></span> 
     </span>
     <span class='ocr_line' id='line_1_20' title="bbox 253 2618 1319 2688; baseline 0.008 -23"><span class='ocrx_word' id='word_1_136' title='bbox 253 2622 320 2684; x_wconf 73' lang='lat' dir='ltr'><strong>graina</strong></span> <span class='ocrx_word' id='word_1_137' title='bbox 334 2621 465 2683; x_wconf 70' lang='lat' dir='ltr'><strong>quiequam.</strong></span> <span class='ocrx_word' id='word_1_138' title='bbox 475 2618 550 2666; x_wconf 78' lang='lat' dir='ltr'><strong>vute.</strong></span> <span class='ocrx_word' id='word_1_139' title='bbox 565 2621 655 2666; x_wconf 83' lang='lat' dir='ltr'><strong>Boron.</strong></span> <span class='ocrx_word' id='word_1_140' title='bbox 672 2620 740 2668; x_wconf 87' lang='lat' dir='ltr'><strong>codd.</strong></span> <span class='ocrx_word' id='word_1_141' title='bbox 757 2631 781 2669; x_wconf 89' lang='lat' dir='ltr'><strong>et</strong></span> <span class='ocrx_word' id='word_1_142' title='bbox 794 2623 847 2670; x_wconf 89' lang='lat' dir='ltr'><strong>edd.</strong></span> <span class='ocrx_word' id='word_1_143' title='bbox 864 2626 1076 2672; x_wconf 66' lang='lat' dir='ltr'><strong>antecessionem.</strong></span> <span class='ocrx_word' id='word_1_144' title='bbox 1096 2651 1127 2662; x_wconf 92' lang='lat'><strong>·-</strong></span> <span class='ocrx_word' id='word_1_145' title='bbox 1145 2627 1198 2688; x_wconf 79' lang='lat'><strong>596.</strong></span> <span class='ocrx_word' id='word_1_146' title='bbox 1219 2629 1319 2674; x_wconf 81' lang='lat' dir='ltr'><strong>Entiaet.</strong></span> 
     </span>
    </p>
   </div>
   <div class='ocr_carea' id='block_1_4' title="bbox 253 2697 1318 2841">
    <p class='ocr_par' dir='ltr' id='par_1_15' title="bbox 253 2697 1318 2841">
     <span class='ocr_line' id='line_1_21' title="bbox 255 2697 1318 2754; baseline 0.006 -8"><span class='ocrx_word' id='word_1_147' title='bbox 255 2703 344 2746; x_wconf 84' lang='lat' dir='ltr'><strong>Bonan.</strong></span> <span class='ocrx_word' id='word_1_148' title='bbox 358 2700 411 2745; x_wconf 79' lang='lat' dir='ltr'><strong>cod</strong></span> <span class='ocrx_word' id='word_1_149' title='bbox 430 2723 458 2734; x_wconf 93' lang='lat'><em>-</em></span> <span class='ocrx_word' id='word_1_150' title='bbox 475 2697 530 2746; x_wconf 79' lang='lat'><strong>603.</strong></span> <span class='ocrx_word' id='word_1_151' title='bbox 546 2699 634 2745; x_wconf 68' lang='lat' dir='ltr'><strong>intulit.</strong></span> <span class='ocrx_word' id='word_1_152' title='bbox 644 2700 749 2747; x_wconf 80' lang='lat' dir='ltr'><strong>Vstlcsn.</strong></span> <span class='ocrx_word' id='word_1_153' title='bbox 766 2711 790 2749; x_wconf 84' lang='lat' dir='ltr'><strong>et</strong></span> <span class='ocrx_word' id='word_1_154' title='bbox 806 2704 895 2752; x_wconf 85' lang='lat' dir='ltr'><strong>Boron.</strong></span> <span class='ocrx_word' id='word_1_155' title='bbox 912 2705 1013 2752; x_wconf 85' lang='lat' dir='ltr'><strong>codices.</strong></span> <span class='ocrx_word' id='word_1_156' title='bbox 1031 2707 1147 2752; x_wconf 85' lang='lat' dir='ltr'><strong>Bonon.&#39;l</strong></span> <span class='ocrx_word' id='word_1_157' title='bbox 1164 2716 1188 2752; x_wconf 84' lang='lat' dir='ltr'><strong>et</strong></span> <span class='ocrx_word' id='word_1_158' title='bbox 1204 2708 1235 2752; x_wconf 92' lang='lat' dir='ltr'><strong>ll.</strong></span> <span class='ocrx_word' id='word_1_159' title='bbox 1253 2710 1318 2754; x_wconf 75' lang='lat' dir='ltr'><strong>lunt.</strong></span> 
     </span>
     <span class='ocr_line' id='line_1_22' title="bbox 253 2777 673 2841; baseline 0 -16"><span class='ocrx_word' id='word_1_160' title='bbox 253 2781 339 2825; x_wconf 73' lang='lat' dir='ltr'><strong>Mum.</strong></span> <span class='ocrx_word' id='word_1_161' title='bbox 350 2777 450 2841; x_wconf 80' lang='lat' dir='ltr'><strong>Impulit.</strong></span> <span class='ocrx_word' id='word_1_162' title='bbox 465 2780 518 2824; x_wconf 76' lang='lat' dir='ltr'><strong>itm</strong></span> <span class='ocrx_word' id='word_1_163' title='bbox 534 2778 618 2826; x_wconf 78' lang='lat' dir='ltr'><strong>Sabell.</strong></span> <span class='ocrx_word' id='word_1_164' title='bbox 630 2779 673 2825; x_wconf 79' lang='lat' dir='ltr'><strong>En.</strong></span> 
     </span>
    </p>
   </div>
   <div class='ocr_carea' id='block_1_5' title="bbox 253 2939 1328 4200">
    <p class='ocr_par' dir='ltr' id='par_1_16' title="bbox 253 2939 1328 4200">
     <span class='ocr_line' id='line_1_23' title="bbox 256 2939 1321 3014; baseline -0.004 -20"><span class='ocrx_word' id='word_1_165' title='bbox 256 2946 366 3009; x_wconf 67' lang='lat' dir='ltr'><strong>Cytaeos,</strong></span> <span class='ocrx_word' id='word_1_166' title='bbox 380 2941 507 3008; x_wconf 84' lang='lat' dir='ltr'><strong>Colchos,</strong></span> <span class='ocrx_word' id='word_1_167' title='bbox 522 2945 612 2995; x_wconf 84' lang='lat' dir='ltr'><strong>emicet</strong></span> <span class='ocrx_word' id='word_1_168' title='bbox 620 2943 764 3014; x_wconf 62' lang='lat' dir='ltr'><strong>affligens,-</strong></span> <span class='ocrx_word' id='word_1_169' title='bbox 844 2943 906 3005; x_wconf 73' lang='lat'><strong>604.</strong></span> <span class='ocrx_word' id='word_1_170' title='bbox 922 2947 1065 3003; x_wconf 69' lang='lat' dir='ltr'><strong>Oresteae,</strong></span> <span class='ocrx_word' id='word_1_171' title='bbox 1077 2939 1321 3004; x_wconf 79' lang='lat' dir='ltr'><strong>dirusvultus,sab</strong></span> 
     </span>
     <span class='ocr_line' id='line_1_24' title="bbox 255 3017 1322 3092; baseline -0.004 -16"><span class='ocrx_word' id='word_1_172' title='bbox 255 3017 284 3088; x_wconf 67' lang='lat'><strong>4⁶</strong></span> <span class='ocrx_word' id='word_1_173' title='bbox 300 3023 336 3076; x_wconf 90' lang='lat' dir='ltr'><strong>ob</strong></span> <span class='ocrx_word' id='word_1_174' title='bbox 351 3021 553 3076; x_wconf 78' lang='lat' dir='ltr'><strong>fortitudinem:</strong></span> <span class='ocrx_word' id='word_1_175' title='bbox 575 3027 673 3092; x_wconf 79' lang='lat' dir='ltr'><strong>quantis</strong></span> <span class='ocrx_word' id='word_1_176' title='bbox 692 3027 766 3077; x_wconf 82' lang='lat' dir='ltr'><strong>insul·</strong></span> <span class='ocrx_word' id='word_1_177' title='bbox 810 3023 970 3088; x_wconf 80' lang='lat' dir='ltr'><strong>excelsojam</strong></span> <span class='ocrx_word' id='word_1_178' title='bbox 980 3025 1073 3074; x_wconf 82' lang='lat' dir='ltr'><strong>dudum</strong></span> <span class='ocrx_word' id='word_1_179' title='bbox 1086 3025 1178 3072; x_wconf 80' lang='lat' dir='ltr'><strong>nertiee</strong></span> <span class='ocrx_word' id='word_1_180' title='bbox 1188 3023 1258 3082; x_wconf 85' lang='lat' dir='ltr'><strong>coni,</strong></span> <span class='ocrx_word' id='word_1_181' title='bbox 1272 3021 1322 3073; x_wconf 87' lang='lat' dir='ltr'><strong>sub</strong></span> 
     </span>
     <span class='ocr_line' id='line_1_25' title="bbox 254 3099 1317 3176; baseline -0.006 -22"><span class='ocrx_word' id='word_1_182' title='bbox 254 3117 292 3154; x_wconf 83' lang='lat' dir='ltr'><strong>tat</strong></span> <span class='ocrx_word' id='word_1_183' title='bbox 308 3105 416 3156; x_wconf 72' lang='lat' dir='ltr'><strong>acerris!</strong></span> <span class='ocrx_word' id='word_1_184' title='bbox 429 3114 494 3174; x_wconf 86' lang='lat' dir='ltr'><strong>quot</strong></span> <span class='ocrx_word' id='word_1_185' title='bbox 509 3101 623 3160; x_wconf 81' lang='lat' dir='ltr'><strong>hostium</strong></span> <span class='ocrx_word' id='word_1_186' title='bbox 637 3122 685 3176; x_wconf 90' lang='lat' dir='ltr'><strong>per</strong></span> <span class='ocrx_word' id='word_1_187' title='bbox 699 3115 766 3158; x_wconf 83' lang='lat' dir='ltr'><strong>stra·</strong></span> <span class='ocrx_word' id='word_1_188' title='bbox 811 3099 902 3170; x_wconf 80' lang='lat' dir='ltr'><strong>galee,</strong></span> <span class='ocrx_word' id='word_1_189' title='bbox 920 3102 1051 3158; x_wconf 83' lang='lat' dir='ltr'><strong>micuerat,·</strong></span> <span class='ocrx_word' id='word_1_190' title='bbox 1061 3117 1180 3165; x_wconf 80' lang='lat' dir='ltr'><strong>cursuque</strong></span> <span class='ocrx_word' id='word_1_191' title='bbox 1194 3103 1317 3160; x_wconf 82' lang='lat' dir='ltr'><strong>ardescit,</strong></span> 
     </span>
     <span class='ocr_line' id='line_1_26' title="bbox 257 3175 1321 3253; baseline -0.006 -18"><span class='ocrx_word' id='word_1_192' title='bbox 257 3199 302 3253; x_wconf 75' lang='lat' dir='ltr'><strong>ges</strong></span> <span class='ocrx_word' id='word_1_193' title='bbox 316 3183 402 3236; x_wconf 85' lang='lat' dir='ltr'><strong>victor</strong></span> <span class='ocrx_word' id='word_1_194' title='bbox 415 3180 527 3236; x_wconf 81' lang='lat' dir='ltr'><strong>incedit!</strong></span> <span class='ocrx_word' id='word_1_195' title='bbox 812 3179 899 3231; x_wconf 83' lang='lat' dir='ltr'><strong>acrius</strong></span> <span class='ocrx_word' id='word_1_196' title='bbox 919 3175 1032 3228; x_wconf 88' lang='lat' dir='ltr'><strong>intendit</strong></span> <span class='ocrx_word' id='word_1_197' title='bbox 1051 3194 1178 3238; x_wconf 89' lang='lat' dir='ltr'><strong>cursum,</strong></span> <span class='ocrx_word' id='word_1_198' title='bbox 1199 3197 1244 3227; x_wconf 87' lang='lat' dir='ltr'><strong>nee</strong></span> <span class='ocrx_word' id='word_1_199' title='bbox 1267 3181 1321 3239; x_wconf 80' lang='lat' dir='ltr'><strong>tibi,</strong></span> 
     </span>
     <span class='ocr_line' id='line_1_27' title="bbox 294 3257 1321 3334; baseline -0.004 -22"><span class='ocrx_word' id='word_1_200' title='bbox 294 3259 475 3330; x_wconf 79' lang='lat' dir='ltr'><strong>597.Tandem</strong></span> <span class='ocrx_word' id='word_1_201' title='bbox 483 3259 723 3334; x_wconf 79' lang='lat' dir='ltr'><strong>incenditeo,qu0d</strong></span> <span class='ocrx_word' id='word_1_202' title='bbox 731 3273 767 3314; x_wconf 73' lang='lat' dir='ltr'><strong>ta·</strong></span> <span class='ocrx_word' id='word_1_203' title='bbox 812 3263 901 3315; x_wconf 84' lang='lat' dir='ltr'><strong>Perse,</strong></span> <span class='ocrx_word' id='word_1_204' title='bbox 910 3276 956 3307; x_wconf 85' lang='lat' dir='ltr'><strong>nee</strong></span> <span class='ocrx_word' id='word_1_205' title='bbox 965 3257 1020 3316; x_wconf 76' lang='lat' dir='ltr'><strong>titt,</strong></span> <span class='ocrx_word' id='word_1_206' title='bbox 1035 3258 1108 3324; x_wconf 73' lang='lat' dir='ltr'><strong>virgo</strong></span> <span class='ocrx_word' id='word_1_207' title='bbox 1115 3294 1123 3317; x_wconf 94' lang='lat'><strong>,</strong></span> <span class='ocrx_word' id='word_1_208' title='bbox 1132 3259 1201 3324; x_wconf 74' lang='lat' dir='ltr'><strong>juba</strong></span> <span class='ocrx_word' id='word_1_209' title='bbox 1211 3260 1321 3316; x_wconf 71' lang='lat' dir='ltr'><strong>tettae,</strong></span> 
     </span>
     <span class='ocr_line' id='line_1_28' title="bbox 257 3333 1322 3406; baseline -0.002 -15"><span class='ocrx_word' id='word_1_210' title='bbox 257 3341 291 3400; x_wconf 82' lang='lat' dir='ltr'><strong>lis</strong></span> <span class='ocrx_word' id='word_1_211' title='bbox 301 3339 349 3392; x_wconf 86' lang='lat' dir='ltr'><strong>viri</strong></span> <span class='ocrx_word' id='word_1_212' title='bbox 359 3358 435 3392; x_wconf 89' lang='lat' dir='ltr'><strong>usum</strong></span> <span class='ocrx_word' id='word_1_213' title='bbox 450 3339 519 3393; x_wconf 87' lang='lat' dir='ltr'><strong>dicat</strong></span> <span class='ocrx_word' id='word_1_214' title='bbox 531 3341 638 3394; x_wconf 85' lang='lat' dir='ltr'><strong>brevem</strong></span> <span class='ocrx_word' id='word_1_215' title='bbox 652 3343 770 3394; x_wconf 78' lang='lat' dir='ltr'><strong>futurum</strong></span> <span class='ocrx_word' id='word_1_216' title='bbox 813 3335 897 3387; x_wconf 80' lang='lat' dir='ltr'><strong>erista</strong></span> <span class='ocrx_word' id='word_1_217' title='bbox 910 3333 936 3386; x_wconf 87' lang='lat' dir='ltr'><strong>in</strong></span> <span class='ocrx_word' id='word_1_218' title='bbox 952 3336 1043 3406; x_wconf 83' lang='lat' dir='ltr'><strong>galea,</strong></span> <span class='ocrx_word' id='word_1_219' title='bbox 1061 3339 1165 3386; x_wconf 76' lang='lat' dir='ltr'><strong>laetabile</strong></span> <span class='ocrx_word' id='word_1_220' title='bbox 1177 3337 1258 3396; x_wconf 81' lang='lat' dir='ltr'><strong>sidus,</strong></span> <span class='ocrx_word' id='word_1_221' title='bbox 1273 3337 1322 3389; x_wconf 88' lang='lat' dir='ltr'><strong>tri·</strong></span> 
     </span>
     <span class='ocr_line' id='line_1_29' title="bbox 258 3412 1146 3489; baseline -0.006 -18"><span class='ocrx_word' id='word_1_222' title='bbox 258 3435 327 3474; x_wconf 84' lang='lat' dir='ltr'><strong>esse:</strong></span> <span class='ocrx_word' id='word_1_223' title='bbox 339 3422 458 3489; x_wconf 85' lang='lat' dir='ltr'><strong>moxjam</strong></span> <span class='ocrx_word' id='word_1_224' title='bbox 471 3424 532 3473; x_wconf 81' lang='lat' dir='ltr'><strong>vele</strong></span> <span class='ocrx_word' id='word_1_225' title='bbox 542 3424 624 3483; x_wconf 82' lang='lat' dir='ltr'><strong>dabit,</strong></span> <span class='ocrx_word' id='word_1_226' title='bbox 638 3421 771 3474; x_wconf 74' lang='lat' dir='ltr'><strong>Thessaliae</strong></span> <span class='ocrx_word' id='word_1_227' title='bbox 816 3415 864 3468; x_wconf 88' lang='lat' dir='ltr'><strong>stia</strong></span> <span class='ocrx_word' id='word_1_228' title='bbox 876 3413 964 3486; x_wconf 89' lang='lat' dir='ltr'><strong>potius</strong></span> <span class='ocrx_word' id='word_1_229' title='bbox 977 3412 1146 3485; x_wconf 89' lang='lat' dir='ltr'><strong>portendens.</strong></span> 
     </span>
     <span class='ocr_line' id='line_1_30' title="bbox 256 3493 1324 3575; baseline -0.002 -26"><span class='ocrx_word' id='word_1_230' title='bbox 256 3519 326 3568; x_wconf 82' lang='lat' dir='ltr'><strong>opes,</strong></span> <span class='ocrx_word' id='word_1_231' title='bbox 337 3498 502 3554; x_wconf 83' lang='lat' dir='ltr'><strong>Thessaliam</strong></span> <span class='ocrx_word' id='word_1_232' title='bbox 515 3503 683 3575; x_wconf 86' lang='lat' dir='ltr'><strong>opulentam,</strong></span> <span class='ocrx_word' id='word_1_233' title='bbox 692 3517 769 3570; x_wconf 86' lang='lat' dir='ltr'><strong>repe·</strong></span> <span class='ocrx_word' id='word_1_234' title='bbox 849 3497 983 3564; x_wconf 82' lang='lat' dir='ltr'><strong>607.Aeer</strong></span> <span class='ocrx_word' id='word_1_235' title='bbox 990 3507 1017 3543; x_wconf 87' lang='lat' dir='ltr'><strong>nt</strong></span> <span class='ocrx_word' id='word_1_236' title='bbox 1024 3497 1135 3545; x_wconf 80' lang='lat' dir='ltr'><strong>aaaanai</strong></span> <span class='ocrx_word' id='word_1_237' title='bbox 1143 3497 1221 3555; x_wconf 81' lang='lat' dir='ltr'><strong>canis,</strong></span> <span class='ocrx_word' id='word_1_238' title='bbox 1229 3493 1324 3558; x_wconf 87' lang='lat' dir='ltr'><strong>Sirius,</strong></span> 
     </span>
     <span class='ocr_line' id='line_1_31' title="bbox 256 3574 1326 3645; baseline -0.005 -15"><span class='ocrx_word' id='word_1_239' title='bbox 256 3579 358 3631; x_wconf 90' lang='lat' dir='ltr'><strong>titurus.</strong></span> <span class='ocrx_word' id='word_1_240' title='bbox 376 3579 456 3645; x_wconf 90' lang='lat' dir='ltr'><strong>Quod</strong></span> <span class='ocrx_word' id='word_1_241' title='bbox 474 3591 504 3634; x_wconf 87' lang='lat' dir='ltr'><strong>ut</strong></span> <span class='ocrx_word' id='word_1_242' title='bbox 519 3580 596 3632; x_wconf 85' lang='lat' dir='ltr'><strong>bouis</strong></span> <span class='ocrx_word' id='word_1_243' title='bbox 619 3578 711 3630; x_wconf 86' lang='lat' dir='ltr'><strong>avibus</strong></span> <span class='ocrx_word' id='word_1_244' title='bbox 731 3576 771 3628; x_wconf 81' lang='lat' dir='ltr'><strong>la·</strong></span> <span class='ocrx_word' id='word_1_245' title='bbox 813 3583 839 3626; x_wconf 88' lang='lat' dir='ltr'><strong>et</strong></span> <span class='ocrx_word' id='word_1_246' title='bbox 859 3587 956 3625; x_wconf 75' lang='lat' dir='ltr'><strong>cometa</strong></span> <span class='ocrx_word' id='word_1_247' title='bbox 978 3574 1009 3622; x_wconf 75' lang='lat' dir='ltr'><strong>ai</strong></span> <span class='ocrx_word' id='word_1_248' title='bbox 1027 3577 1086 3624; x_wconf 80' lang='lat' dir='ltr'><strong>Jove</strong></span> <span class='ocrx_word' id='word_1_249' title='bbox 1107 3577 1169 3624; x_wconf 79' lang='lat' dir='ltr'><strong>irate</strong></span> <span class='ocrx_word' id='word_1_250' title='bbox 1185 3578 1271 3626; x_wconf 77' lang='lat' dir='ltr'><strong>vocati</strong></span> <span class='ocrx_word' id='word_1_251' title='bbox 1288 3579 1326 3625; x_wconf 83' lang='lat' dir='ltr'><strong>ad</strong></span> 
     </span>
     <span class='ocr_line' id='line_1_32' title="bbox 255 3651 1323 3731; baseline -0.007 -19"><span class='ocrx_word' id='word_1_252' title='bbox 255 3659 321 3722; x_wconf 87' lang='lat' dir='ltr'><strong>ciat,</strong></span> <span class='ocrx_word' id='word_1_253' title='bbox 343 3669 417 3731; x_wconf 86' lang='lat' dir='ltr'><strong>optes</strong></span> <span class='ocrx_word' id='word_1_254' title='bbox 440 3678 555 3713; x_wconf 85' lang='lat' dir='ltr'><strong>mecum.</strong></span> <span class='ocrx_word' id='word_1_255' title='bbox 578 3658 677 3709; x_wconf 85' lang='lat' dir='ltr'><strong>Fruere</strong></span> <span class='ocrx_word' id='word_1_256' title='bbox 691 3654 770 3725; x_wconf 80' lang='lat' dir='ltr'><strong>igitur</strong></span> <span class='ocrx_word' id='word_1_257' title='bbox 813 3671 893 3720; x_wconf 82' lang='lat' dir='ltr'><strong>regna</strong></span> <span class='ocrx_word' id='word_1_258' title='bbox 920 3653 1012 3719; x_wconf 80' lang='lat' dir='ltr'><strong>injusta</strong></span> <span class='ocrx_word' id='word_1_259' title='bbox 1037 3651 1187 3722; x_wconf 83' lang='lat' dir='ltr'><strong>punienda,</strong></span> <span class='ocrx_word' id='word_1_260' title='bbox 1207 3654 1323 3722; x_wconf 79' lang='lat' dir='ltr'><strong>fatales,</strong></span> 
     </span>
     <span class='ocr_line' id='line_1_33' title="bbox 258 3731 1328 3811; baseline -0.007 -18"><span class='ocrx_word' id='word_1_261' title='bbox 258 3740 314 3811; x_wconf 83' lang='lat' dir='ltr'><strong>ejus</strong></span> <span class='ocrx_word' id='word_1_262' title='bbox 330 3737 474 3811; x_wconf 85' lang='lat' dir='ltr'><strong>adspectu,</strong></span> <span class='ocrx_word' id='word_1_263' title='bbox 485 3737 553 3791; x_wconf 89' lang='lat' dir='ltr'><strong>dum</strong></span> <span class='ocrx_word' id='word_1_264' title='bbox 562 3735 630 3787; x_wconf 89' lang='lat' dir='ltr'><strong>licet.</strong></span> <span class='ocrx_word' id='word_1_265' title='bbox 814 3731 933 3805; x_wconf 82' lang='lat' dir='ltr'><strong>tyrannis</strong></span> <span class='ocrx_word' id='word_1_266' title='bbox 946 3731 1088 3804; x_wconf 87' lang='lat' dir='ltr'><strong>perniciem</strong></span> <span class='ocrx_word' id='word_1_267' title='bbox 1102 3731 1261 3786; x_wconf 85' lang='lat' dir='ltr'><strong>minitantes.</strong></span> <span class='ocrx_word' id='word_1_268' title='bbox 1276 3731 1328 3785; x_wconf 77' lang='lat' dir='ltr'><strong>Ea-</strong></span> 
     </span>
     <span class='ocr_line' id='line_1_34' title="bbox 290 3810 1322 3884; baseline -0.006 -12"><span class='ocrx_word' id='word_1_269' title='bbox 290 3821 352 3872; x_wconf 75' lang='lat'><strong>602.</strong></span> <span class='ocrx_word' id='word_1_270' title='bbox 370 3819 404 3868; x_wconf 81' lang='lat' dir='ltr'><strong>At</strong></span> <span class='ocrx_word' id='word_1_271' title='bbox 414 3835 492 3878; x_wconf 87' lang='lat' dir='ltr'><strong>vero,</strong></span> <span class='ocrx_word' id='word_1_272' title='bbox 506 3815 545 3867; x_wconf 89' lang='lat' dir='ltr'><strong>uti</strong></span> <span class='ocrx_word' id='word_1_273' title='bbox 562 3810 685 3865; x_wconf 83' lang='lat' dir='ltr'><strong>Medeam</strong></span> <span class='ocrx_word' id='word_1_274' title='bbox 698 3817 768 3862; x_wconf 82' lang='lat' dir='ltr'><strong>June</strong></span> <span class='ocrx_word' id='word_1_275' title='bbox 815 3810 877 3865; x_wconf 87' lang='lat' dir='ltr'><strong>dem</strong></span> <span class='ocrx_word' id='word_1_276' title='bbox 889 3811 1050 3882; x_wconf 85' lang='lat' dir='ltr'><strong>comparatio</strong></span> <span class='ocrx_word' id='word_1_277' title='bbox 1062 3823 1100 3864; x_wconf 88' lang='lat' dir='ltr'><strong>est</strong></span> <span class='ocrx_word' id='word_1_278' title='bbox 1110 3829 1186 3884; x_wconf 86' lang='lat' dir='ltr'><strong>supra</strong></span> <span class='ocrx_word' id='word_1_279' title='bbox 1194 3853 1202 3878; x_wconf 89' lang='lat'>‚</span> <span class='ocrx_word' id='word_1_280' title='bbox 1211 3813 1248 3874; x_wconf 91' lang='lat' dir='ltr'><strong>V,</strong></span> <span class='ocrx_word' id='word_1_281' title='bbox 1261 3814 1322 3882; x_wconf 85' lang='lat'><strong>369.</strong></span> 
     </span>
     <span class='ocr_line' id='line_1_35' title="bbox 255 3895 1322 3960; baseline -0.003 -12"><span class='ocrx_word' id='word_1_282' title='bbox 255 3895 349 3960; x_wconf 88' lang='lat' dir='ltr'><strong>dictis,</strong></span> <span class='ocrx_word' id='word_1_283' title='bbox 369 3895 405 3948; x_wconf 84' lang='lat' dir='ltr'><strong>its</strong></span> <span class='ocrx_word' id='word_1_284' title='bbox 419 3895 544 3946; x_wconf 73' lang='lat' dir='ltr'><strong>iasonem</strong></span> <span class='ocrx_word' id='word_1_285' title='bbox 556 3905 634 3942; x_wconf 81' lang='lat' dir='ltr'><strong>marte</strong></span> <span class='ocrx_word' id='word_1_286' title='bbox 645 3895 768 3952; x_wconf 82' lang='lat' dir='ltr'><strong>secando,</strong></span> <span class='ocrx_word' id='word_1_287' title='bbox 848 3895 909 3960; x_wconf 81' lang='lat'><strong>609.</strong></span> <span class='ocrx_word' id='word_1_288' title='bbox 921 3895 973 3942; x_wconf 82' lang='lat' dir='ltr'><strong>Nee</strong></span> <span class='ocrx_word' id='word_1_289' title='bbox 987 3912 1033 3942; x_wconf 84' lang='lat' dir='ltr'><strong>sna</strong></span> <span class='ocrx_word' id='word_1_290' title='bbox 1046 3895 1187 3952; x_wconf 75' lang='lat' dir='ltr'><strong>Crethiden,</strong></span> <span class='ocrx_word' id='word_1_291' title='bbox 1200 3897 1322 3945; x_wconf 87' lang='lat' dir='ltr'><strong>Jasonem</strong></span> 
     </span>
     <span class='ocr_line' id='line_1_36' title="bbox 253 3965 1321 4042; baseline -0.005 -13"><span class='ocrx_word' id='word_1_292' title='bbox 253 3976 323 4029; x_wconf 83' lang='lat' dir='ltr'><strong>tetiei</strong></span> <span class='ocrx_word' id='word_1_293' title='bbox 338 3971 533 4032; x_wconf 83' lang='lat' dir='ltr'><strong>certaminum,</strong></span> <span class='ocrx_word' id='word_1_294' title='bbox 553 3987 611 4042; x_wconf 79' lang='lat' dir='ltr'><strong>que</strong></span> <span class='ocrx_word' id='word_1_295' title='bbox 631 3970 769 4042; x_wconf 85' lang='lat' dir='ltr'><strong>hucusque</strong></span> <span class='ocrx_word' id='word_1_296' title='bbox 813 3969 885 4040; x_wconf 86' lang='lat' dir='ltr'><strong>(vid.</strong></span> <span class='ocrx_word' id='word_1_297' title='bbox 896 3965 964 4022; x_wconf 73' lang='lat' dir='ltr'><strong>tab.</strong></span> <span class='ocrx_word' id='word_1_298' title='bbox 982 3971 1150 4042; x_wconf 73' lang='lat' dir='ltr'><strong>genealog.),</strong></span> <span class='ocrx_word' id='word_1_299' title='bbox 1169 3975 1240 4022; x_wconf 84' lang='lat' dir='ltr'><strong>latuit</strong></span> <span class='ocrx_word' id='word_1_300' title='bbox 1257 3975 1321 4034; x_wconf 79' lang='lat' dir='ltr'><strong>dea,</strong></span> 
     </span>
     <span class='ocr_line' id='line_1_37' title="bbox 255 4049 1325 4120; baseline -0.005 -13"><span class='ocrx_word' id='word_1_301' title='bbox 255 4055 366 4116; x_wconf 86' lang='lat' dir='ltr'><strong>inierat,</strong></span> <span class='ocrx_word' id='word_1_302' title='bbox 387 4060 500 4112; x_wconf 82' lang='lat' dir='ltr'><strong>eventu,</strong></span> <span class='ocrx_word' id='word_1_303' title='bbox 515 4053 622 4118; x_wconf 83' lang='lat' dir='ltr'><strong>impulit,</strong></span> <span class='ocrx_word' id='word_1_304' title='bbox 639 4065 713 4120; x_wconf 83' lang='lat' dir='ltr'><strong>atque</strong></span> <span class='ocrx_word' id='word_1_305' title='bbox 726 4071 769 4102; x_wconf 84' lang='lat' dir='ltr'><strong>no·</strong></span> <span class='ocrx_word' id='word_1_306' title='bbox 812 4050 894 4104; x_wconf 84' lang='lat' dir='ltr'><strong>sensit</strong></span> <span class='ocrx_word' id='word_1_307' title='bbox 907 4067 963 4102; x_wconf 82' lang='lat' dir='ltr'><strong>eam</strong></span> <span class='ocrx_word' id='word_1_308' title='bbox 981 4050 1030 4103; x_wconf 76' lang='lat' dir='ltr'><strong>eibi</strong></span> <span class='ocrx_word' id='word_1_309' title='bbox 1047 4049 1154 4114; x_wconf 83' lang='lat' dir='ltr'><strong>adesse,</strong></span> <span class='ocrx_word' id='word_1_310' title='bbox 1169 4051 1279 4116; x_wconf 79' lang='lat' dir='ltr'><strong>fuvere,</strong></span> <span class='ocrx_word' id='word_1_311' title='bbox 1293 4071 1325 4102; x_wconf 82' lang='lat' dir='ltr'><strong>aa</strong></span> 
     </span>
     <span class='ocr_line' id='line_1_38' title="bbox 255 4130 1324 4200; baseline -0.001 -15"><span class='ocrx_word' id='word_1_312' title='bbox 255 4155 297 4185; x_wconf 78' lang='lat' dir='ltr'><strong>vas</strong></span> <span class='ocrx_word' id='word_1_313' title='bbox 308 4136 358 4200; x_wconf 76' lang='lat' dir='ltr'><strong>egit</strong></span> <span class='ocrx_word' id='word_1_314' title='bbox 367 4132 409 4180; x_wconf 79' lang='lat' dir='ltr'><strong>sub</strong></span> <span class='ocrx_word' id='word_1_315' title='bbox 418 4142 518 4196; x_wconf 84' lang='lat' dir='ltr'><strong>pectora</strong></span> <span class='ocrx_word' id='word_1_316' title='bbox 527 4132 603 4182; x_wconf 78' lang='lat' dir='ltr'><strong>vires.</strong></span> <span class='ocrx_word' id='word_1_317' title='bbox 814 4149 840 4180; x_wconf 85' lang='lat' dir='ltr'><strong>se</strong></span> <span class='ocrx_word' id='word_1_318' title='bbox 852 4147 923 4198; x_wconf 83' lang='lat' dir='ltr'><strong>snper</strong></span> <span class='ocrx_word' id='word_1_319' title='bbox 935 4133 1039 4197; x_wconf 77' lang='lat' dir='ltr'><strong>agtm&#39;na</strong></span> <span class='ocrx_word' id='word_1_320' title='bbox 1049 4133 1111 4182; x_wconf 82' lang='lat' dir='ltr'><strong>tollit</strong></span> <span class='ocrx_word' id='word_1_321' title='bbox 1117 4170 1124 4192; x_wconf 93' lang='lat'><strong>,</strong></span> <span class='ocrx_word' id='word_1_322' title='bbox 1141 4141 1245 4183; x_wconf 83' lang='lat' dir='ltr'><strong>tantum</strong></span> <span class='ocrx_word' id='word_1_323' title='bbox 1259 4130 1324 4184; x_wconf 85' lang='lat' dir='ltr'><strong>emi·</strong></span> 
     </span>
    </p>
   </div>
   <div class='ocr_carea' id='block_1_6' title="bbox 0 0 1506 4680">
    <p class='ocr_par' dir='ltr' id='par_1_17' title="bbox 0 0 1506 4680">
     <span class='ocr_line' id='line_1_39' title="bbox 0 0 1506 4680; baseline 0 0"><span class='ocrx_word' id='word_1_324' title='bbox 0 0 1506 4680; x_wconf 95' lang='lat' dir='ltr'><strong> </strong></span> 
     </span>
    </p>
   </div>
  </div>
 </body>
</html>
