<?xml version="1.0" encoding="UTF-8"?>
<!DOCTYPE html PUBLIC "-//W3C//DTD XHTML 1.0 Transitional//EN"
    "http://www.w3.org/TR/xhtml1/DTD/xhtml1-transitional.dtd">
<html xmlns="http://www.w3.org/1999/xhtml" xml:lang="en" lang="en">
 <head>
  <title>
</title>
<meta http-equiv="Content-Type" content="text/html;charset=utf-8" />
  <meta name='ocr-system' content='tesseract 3.04.00' />
  <meta name='ocr-capabilities' content='ocr_page ocr_carea ocr_par ocr_line ocrx_word'/>
</head>
<body>
  <div class='ocr_page' id='page_1' title='image "./cvaleriiflaccis02apolgoog_0305.png"; bbox 0 0 3006 4676; ppageno 0'>
   <div class='ocr_carea' id='block_1_1' title="bbox 568 401 1285 484">
    <p class='ocr_par' dir='ltr' id='par_1_1' title="bbox 568 401 1285 484">
     <span class='ocr_line' id='line_1_1' title="bbox 568 401 1285 484; baseline -0.011 -17"><span class='ocrx_word' id='word_1_1' title='bbox 568 401 932 468; x_wconf 78' lang='lat' dir='ltr'>nuoonnurtca.</span> <span class='ocrx_word' id='word_1_2' title='bbox 1222 417 1285 484; x_wconf 78' lang='lat'>²99</span> 
     </span>
    </p>
   </div>
   <div class='ocr_carea' id='block_1_2' title="bbox 235 530 1288 2113">
    <p class='ocr_par' dir='ltr' id='par_1_2' title="bbox 255 530 1139 622">
     <span class='ocr_line' id='line_1_2' title="bbox 255 530 1139 622; baseline -0.011 -22"><span class='ocrx_word' id='word_1_3' title='bbox 255 533 618 622; x_wconf 88' lang='lat' dir='ltr'>Rhindaciumque&#39;cito</span> <span class='ocrx_word' id='word_1_4' title='bbox 636 553 736 610; x_wconf 78' lang='lat' dir='ltr'>cursu</span> <span class='ocrx_word' id='word_1_5' title='bbox 752 547 823 596; x_wconf 88' lang='lat' dir='ltr'>tum</span> <span class='ocrx_word' id='word_1_6' title='bbox 841 530 984 618; x_wconf 73' lang='lat' dir='ltr'>praeterit</span> <span class='ocrx_word' id='word_1_7' title='bbox 999 549 1139 602; x_wconf 86' lang='lat' dir='ltr'>amnem.</span> 
     </span>
    </p>

    <p class='ocr_par' dir='ltr' id='par_1_3' title="bbox 235 643 1288 2113">
     <span class='ocr_line' id='line_1_3' title="bbox 301 643 1121 736; baseline -0.007 -24"><span class='ocrx_word' id='word_1_8' title='bbox 301 646 386 712; x_wconf 89' lang='lat' dir='ltr'>Hinc</span> <span class='ocrx_word' id='word_1_9' title='bbox 398 647 465 727; x_wconf 86' lang='lat' dir='ltr'>jam</span> <span class='ocrx_word' id='word_1_10' title='bbox 479 647 555 712; x_wconf 89' lang='lat' dir='ltr'>litus</span> <span class='ocrx_word' id='word_1_11' title='bbox 573 667 685 711; x_wconf 89' lang='lat' dir='ltr'>amans</span> <span class='ocrx_word' id='word_1_12' title='bbox 700 643 855 736; x_wconf 88' lang='lat' dir='ltr'>gaudenti</span> <span class='ocrx_word' id='word_1_13' title='bbox 869 643 991 732; x_wconf 80' lang='lat' dir='ltr'>remige</span> <span class='ocrx_word' id='word_1_14' title='bbox 1006 657 1121 731; x_wconf 87' lang='lat' dir='ltr'>portus</span> 
     </span>
     <span class='ocr_line' id='line_1_4' title="bbox 257 755 1087 846; baseline -0.004 -23"><span class='ocrx_word' id='word_1_15' title='bbox 257 761 362 825; x_wconf 82' lang='lat' dir='ltr'>Intrat</span> <span class='ocrx_word' id='word_1_16' title='bbox 378 781 554 826; x_wconf 85' lang='lat' dir='ltr'>arenosos:</span> <span class='ocrx_word' id='word_1_17' title='bbox 571 759 721 824; x_wconf 86' lang='lat' dir='ltr'>manibus</span> <span class='ocrx_word' id='word_1_18' title='bbox 740 776 820 824; x_wconf 87' lang='lat' dir='ltr'>tuno</span> <span class='ocrx_word' id='word_1_19' title='bbox 834 779 912 846; x_wconf 90' lang='lat' dir='ltr'>ergo</span> <span class='ocrx_word' id='word_1_20' title='bbox 928 755 1087 822; x_wconf 85' lang='lat' dir='ltr'>rudentes</span> 
     </span>
     <span class='ocr_line' id='line_1_5' title="bbox 257 873 1041 968; baseline -0.006 -27"><span class='ocrx_word' id='word_1_21' title='bbox 257 877 438 968; x_wconf 81' lang='lat' dir='ltr'>Colligere,</span> <span class='ocrx_word' id='word_1_22' title='bbox 452 891 485 940; x_wconf 93' lang='lat' dir='ltr'>et</span> <span class='ocrx_word' id='word_1_23' title='bbox 497 876 574 941; x_wconf 87' lang='lat' dir='ltr'>loris</span> <span class='ocrx_word' id='word_1_24' title='bbox 591 875 783 940; x_wconf 76' lang='lat' dir='ltr'><strong>subnectere</strong></span> <span class='ocrx_word' id='word_1_25' title='bbox 797 875 866 942; x_wconf 87' lang='lat' dir='ltr'>vela</span> <span class='ocrx_word' id='word_1_26' title='bbox 877 873 1041 953; x_wconf 85' lang='lat' dir='ltr'>jubemur.</span> 
     </span>
     <span class='ocr_line' id='line_1_6' title="bbox 255 988 1286 1083; baseline -0.003 -28"><span class='ocrx_word' id='word_1_27' title='bbox 255 991 340 1058; x_wconf 89' lang='lat' dir='ltr'>Hinc</span> <span class='ocrx_word' id='word_1_28' title='bbox 356 993 439 1058; x_wconf 84' lang='lat' dir='ltr'>scala</span> <span class='ocrx_word' id='word_1_29' title='bbox 457 991 644 1083; x_wconf 79' lang='lat' dir='ltr'>egredimur</span> <span class='ocrx_word' id='word_1_30' title='bbox 661 989 821 1057; x_wconf 85' lang='lat' dir='ltr'>subducta</span> <span class='ocrx_word' id='word_1_31' title='bbox 839 993 873 1055; x_wconf 90' lang='lat' dir='ltr'>in</span> <span class='ocrx_word' id='word_1_32' title='bbox 891 991 986 1056; x_wconf 86' lang='lat' dir='ltr'>litore</span> <span class='ocrx_word' id='word_1_33' title='bbox 999 988 1157 1078; x_wconf 84' lang='lat' dir='ltr'>pulchro,</span> <span class='ocrx_word' id='word_1_34' title='bbox 1246 1006 1286 1046; x_wconf 64' lang='grc' dir='ltr'>σιν</span> 
     </span>
     <span class='ocr_line' id='line_1_7' title="bbox 256 1102 1129 1198; baseline -0.006 -26"><span class='ocrx_word' id='word_1_35' title='bbox 256 1106 404 1196; x_wconf 83' lang='lat' dir='ltr'><strong>Quisque</strong></span> <span class='ocrx_word' id='word_1_36' title='bbox 419 1107 483 1172; x_wconf 91' lang='lat' dir='ltr'>cibi</span> <span class='ocrx_word' id='word_1_37' title='bbox 502 1121 666 1198; x_wconf 88' lang='lat' dir='ltr'>potusque</span> <span class='ocrx_word' id='word_1_38' title='bbox 679 1129 823 1189; x_wconf 78' lang='lat' dir='ltr'>memor3</span> <span class='ocrx_word' id='word_1_39' title='bbox 841 1127 1013 1172; x_wconf 83' lang='lat' dir='ltr'>nemorosa</span> <span class='ocrx_word' id='word_1_40' title='bbox 1027 1102 1129 1169; x_wconf 84' lang='lat' dir='ltr'>videri</span> 
     </span>
     <span class='ocr_line' id='line_1_8' title="bbox 253 1198 1123 1312; baseline -0.005 -25"><span class='ocrx_word' id='word_1_41' title='bbox 253 1198 412 1312; x_wconf 82' lang='lat' dir='ltr'>Arganthi</span> <span class='ocrx_word' id='word_1_42' title='bbox 428 1221 481 1286; x_wconf 91' lang='lat' dir='ltr'>hic</span> <span class='ocrx_word' id='word_1_43' title='bbox 498 1223 620 1286; x_wconf 87' lang='lat' dir='ltr'>circum</span> <span class='ocrx_word' id='word_1_44' title='bbox 640 1221 788 1312; x_wconf 77' lang='lat' dir='ltr'>praecelsa</span> <span class='ocrx_word' id='word_1_45' title='bbox 805 1219 973 1286; x_wconf 84' lang='lat' dir='ltr'>cacumina</span> <span class='ocrx_word' id='word_1_46' title='bbox 992 1219 1123 1284; x_wconf 87' lang='lat' dir='ltr'>montis.</span> 
     </span>
     <span class='ocr_line' id='line_1_9' title="bbox 255 1334 1080 1428; baseline -0.004 -28"><span class='ocrx_word' id='word_1_47' title='bbox 255 1337 341 1401; x_wconf 88' lang='lat' dir='ltr'>Tum</span> <span class='ocrx_word' id='word_1_48' title='bbox 357 1359 434 1401; x_wconf 89' lang='lat' dir='ltr'>vero</span> <span class='ocrx_word' id='word_1_49' title='bbox 452 1355 612 1422; x_wconf 88' lang='lat' dir='ltr'>armatus,</span> <span class='ocrx_word' id='word_1_50' title='bbox 632 1338 726 1403; x_wconf 83' lang='lat' dir='ltr'>silvas</span> <span class='ocrx_word' id='word_1_51' title='bbox 744 1335 938 1428; x_wconf 79' lang='lat' dir='ltr'>properabat</span> <span class='ocrx_word' id='word_1_52' title='bbox 951 1335 984 1398; x_wconf 93' lang='lat' dir='ltr'>in</span> <span class='ocrx_word' id='word_1_53' title='bbox 1001 1334 1080 1398; x_wconf 87' lang='lat' dir='ltr'>altas</span> 
     </span>
     <span class='ocr_line' id='line_1_10' title="bbox 258 1449 1017 1547; baseline -0.003 -31"><span class='ocrx_word' id='word_1_54' title='bbox 258 1449 404 1534; x_wconf 82' lang='lat' dir='ltr'><strong>Alcides,</strong></span> <span class='ocrx_word' id='word_1_55' title='bbox 418 1473 496 1517; x_wconf 90' lang='lat' dir='ltr'>arcu</span> <span class='ocrx_word' id='word_1_56' title='bbox 512 1454 643 1541; x_wconf 88' lang='lat' dir='ltr'>teloque</span> <span class='ocrx_word' id='word_1_57' title='bbox 657 1452 834 1547; x_wconf 84' lang='lat' dir='ltr'>tricuspide</span> <span class='ocrx_word' id='word_1_58' title='bbox 853 1450 1017 1531; x_wconf 81' lang='lat' dir='ltr'>dextram,</span> 
     </span>
     <span class='ocr_line' id='line_1_11' title="bbox 253 1565 1288 1657; baseline -0.003 -27"><span class='ocrx_word' id='word_1_59' title='bbox 253 1565 412 1631; x_wconf 89' lang='lat' dir='ltr'>Venando</span> <span class='ocrx_word' id='word_1_60' title='bbox 429 1581 467 1631; x_wconf 90' lang='lat' dir='ltr'>ut</span> <span class='ocrx_word' id='word_1_61' title='bbox 487 1567 629 1657; x_wconf 84' lang='lat' dir='ltr'>praedam</span> <span class='ocrx_word' id='word_1_62' title='bbox 651 1568 764 1644; x_wconf 88' lang='lat' dir='ltr'>sociis,</span> <span class='ocrx_word' id='word_1_63' title='bbox 785 1587 975 1654; x_wconf 88' lang='lat' dir='ltr'>ooenamque</span> <span class='ocrx_word' id='word_1_64' title='bbox 991 1579 1137 1654; x_wconf 87' lang='lat' dir='ltr'>pararet,</span> <span class='ocrx_word' id='word_1_65' title='bbox 1249 1579 1288 1620; x_wconf 74' lang='lat'>⁶³⁵</span> 
     </span>
     <span class='ocr_line' id='line_1_12' title="bbox 235 1673 1020 1772; baseline -0.003 -26"><span class='ocrx_word' id='word_1_66' title='bbox 235 1683 301 1746; x_wconf 84' lang='lat' dir='ltr'>&#39;De</span> <span class='ocrx_word' id='word_1_67' title='bbox 316 1705 375 1747; x_wconf 89' lang='lat' dir='ltr'>sue</span> <span class='ocrx_word' id='word_1_68' title='bbox 392 1683 443 1748; x_wconf 86' lang='lat' dir='ltr'>rel</span> <span class='ocrx_word' id='word_1_69' title='bbox 461 1705 596 1772; x_wconf 85' lang='lat' dir='ltr'>caprea,</span> <span class='ocrx_word' id='word_1_70' title='bbox 613 1699 751 1749; x_wconf 85' lang='lat' dir='ltr'>cornuta</span> <span class='ocrx_word' id='word_1_71' title='bbox 769 1685 836 1748; x_wconf 86' lang='lat' dir='ltr'>sire</span> <span class='ocrx_word' id='word_1_72' title='bbox 851 1673 1020 1763; x_wconf 75' lang='lat' dir='ltr'>juvenca,</span> 
     </span>
     <span class='ocr_line' id='line_1_13' title="bbox 252 1793 1067 1886; baseline -0.002 -25"><span class='ocrx_word' id='word_1_73' title='bbox 252 1797 407 1886; x_wconf 81' lang='lat' dir='ltr'>Dumque</span> <span class='ocrx_word' id='word_1_74' title='bbox 422 1797 511 1862; x_wconf 89' lang='lat' dir='ltr'>subit</span> <span class='ocrx_word' id='word_1_75' title='bbox 526 1798 590 1862; x_wconf 88' lang='lat' dir='ltr'>late</span> <span class='ocrx_word' id='word_1_76' title='bbox 604 1798 698 1863; x_wconf 82' lang='lat' dir='ltr'>silvas</span> <span class='ocrx_word' id='word_1_77' title='bbox 710 1797 792 1862; x_wconf 89' lang='lat' dir='ltr'>clam</span> <span class='ocrx_word' id='word_1_78' title='bbox 809 1817 920 1885; x_wconf 88' lang='lat' dir='ltr'>puppe</span> <span class='ocrx_word' id='word_1_79' title='bbox 936 1793 1067 1876; x_wconf 87' lang='lat' dir='ltr'>relicta,</span> 
     </span>
     <span class='ocr_line' id='line_1_14' title="bbox 253 1909 1152 2002; baseline -0.001 -29"><span class='ocrx_word' id='word_1_80' title='bbox 253 1910 342 1974; x_wconf 90' lang='lat' dir='ltr'>Pone</span> <span class='ocrx_word' id='word_1_81' title='bbox 359 1925 518 2000; x_wconf 90' lang='lat' dir='ltr'>sequutus</span> <span class='ocrx_word' id='word_1_82' title='bbox 535 1913 653 2002; x_wconf 81' lang='lat' dir='ltr'><strong>Hylas,</strong></span> <span class='ocrx_word' id='word_1_83' title='bbox 671 1911 843 2001; x_wconf 82' lang='lat' dir='ltr'>pravisque</span> <span class='ocrx_word' id='word_1_84' title='bbox 860 1909 1026 1974; x_wconf 86' lang='lat' dir='ltr'>erroribus</span> <span class='ocrx_word' id='word_1_85' title='bbox 1043 1923 1152 1990; x_wconf 88' lang='lat' dir='ltr'>actus,</span> 
     </span>
     <span class='ocr_line' id='line_1_15' title="bbox 254 2024 1034 2113; baseline -0.001 -25"><span class='ocrx_word' id='word_1_86' title='bbox 254 2024 403 2091; x_wconf 83' lang='lat' dir='ltr'>Pervenit</span> <span class='ocrx_word' id='word_1_87' title='bbox 415 2025 528 2092; x_wconf 80' lang='lat' dir='ltr'>infelix</span> <span class='ocrx_word' id='word_1_88' title='bbox 543 2026 690 2092; x_wconf 85' lang='lat' dir='ltr'>habitant</span> <span class='ocrx_word' id='word_1_89' title='bbox 705 2025 763 2090; x_wconf 91' lang='lat' dir='ltr'>ubi</span> <span class='ocrx_word' id='word_1_90' title='bbox 777 2026 860 2090; x_wconf 88' lang='lat' dir='ltr'>forte</span> <span class='ocrx_word' id='word_1_91' title='bbox 876 2025 1034 2113; x_wconf 75' lang='lat' dir='ltr'>palustres</span> 
     </span>
    </p>
   </div>
   <div class='ocr_carea' id='block_1_3' title="bbox 254 2137 1289 2348">
    <p class='ocr_par' dir='ltr' id='par_1_4' title="bbox 254 2137 1289 2348">
     <span class='ocr_line' id='line_1_16' title="bbox 255 2137 1289 2233; baseline -0.003 -30"><span class='ocrx_word' id='word_1_92' title='bbox 255 2139 448 2228; x_wconf 83' lang='lat' dir='ltr'>Speluncam</span> <span class='ocrx_word' id='word_1_93' title='bbox 468 2143 648 2233; x_wconf 81' lang='lat' dir='ltr'>Nymphae,</span> <span class='ocrx_word' id='word_1_94' title='bbox 662 2142 770 2208; x_wconf 84' lang='lat' dir='ltr'>risum</span> <span class='ocrx_word' id='word_1_95' title='bbox 787 2163 860 2230; x_wconf 78' lang='lat' dir='ltr'>quae</span> <span class='ocrx_word' id='word_1_96' title='bbox 878 2140 1030 2228; x_wconf 88' lang='lat' dir='ltr'>protinus</span> <span class='ocrx_word' id='word_1_97' title='bbox 1048 2137 1139 2202; x_wconf 93' lang='lat' dir='ltr'>illum</span> <span class='ocrx_word' id='word_1_98' title='bbox 1249 2155 1289 2201; x_wconf 73' lang='lat' dir='ltr'>st·</span> 
     </span>
     <span class='ocr_line' id='line_1_17' title="bbox 254 2253 1136 2348; baseline 0 -30"><span class='ocrx_word' id='word_1_99' title='bbox 254 2255 436 2322; x_wconf 88' lang='lat' dir='ltr'>lmberbem</span> <span class='ocrx_word' id='word_1_100' title='bbox 454 2257 660 2348; x_wconf 85' lang='lat' dir='ltr'>similemque</span> <span class='ocrx_word' id='word_1_101' title='bbox 677 2257 763 2339; x_wconf 90' lang='lat' dir='ltr'>deis,</span> <span class='ocrx_word' id='word_1_102' title='bbox 780 2279 917 2344; x_wconf 87' lang='lat' dir='ltr'>rapuere</span> <span class='ocrx_word' id='word_1_103' title='bbox 933 2255 996 2320; x_wconf 88' lang='lat' dir='ltr'>sub</span> <span class='ocrx_word' id='word_1_104' title='bbox 1013 2253 1136 2335; x_wconf 86' lang='lat' dir='ltr'>undas,</span> 
     </span>
    </p>
   </div>
   <div class='ocr_carea' id='block_1_4' title="bbox 252 2369 1286 4186">
    <p class='ocr_par' dir='ltr' id='par_1_5' title="bbox 253 2369 961 2438">
     <span class='ocr_line' id='line_1_18' title="bbox 253 2369 961 2438; baseline 0.001 -5"><span class='ocrx_word' id='word_1_105' title='bbox 253 2369 297 2434; x_wconf 91' lang='lat' dir='ltr'>Ut</span> <span class='ocrx_word' id='word_1_106' title='bbox 312 2393 424 2436; x_wconf 87' lang='lat' dir='ltr'>secum</span> <span class='ocrx_word' id='word_1_107' title='bbox 441 2387 528 2438; x_wconf 90' lang='lat' dir='ltr'>totos</span> <span class='ocrx_word' id='word_1_108' title='bbox 545 2374 626 2438; x_wconf 87' lang='lat' dir='ltr'>senii</span> <span class='ocrx_word' id='word_1_109' title='bbox 643 2373 685 2438; x_wconf 88' lang='lat' dir='ltr'>sit</span> <span class='ocrx_word' id='word_1_110' title='bbox 701 2371 829 2438; x_wconf 87' lang='lat' dir='ltr'>nescius</span> <span class='ocrx_word' id='word_1_111' title='bbox 846 2391 961 2436; x_wconf 86' lang='lat' dir='ltr'>annos.</span> 
     </span>
    </p>

    <p class='ocr_par' dir='ltr' id='par_1_6' title="bbox 253 2485 971 2577">
     <span class='ocr_line' id='line_1_19' title="bbox 253 2485 971 2577; baseline 0 -27"><span class='ocrx_word' id='word_1_112' title='bbox 253 2485 324 2550; x_wconf 87' lang='lat' dir='ltr'>Jam</span> <span class='ocrx_word' id='word_1_113' title='bbox 342 2486 451 2552; x_wconf 87' lang='lat' dir='ltr'>medio</span> <span class='ocrx_word' id='word_1_114' title='bbox 466 2507 565 2552; x_wconf 89' lang='lat' dir='ltr'>cursu</span> <span class='ocrx_word' id='word_1_115' title='bbox 579 2487 699 2577; x_wconf 77' lang='lat' dir='ltr'>rapidis</span> <span class='ocrx_word' id='word_1_116' title='bbox 713 2487 887 2553; x_wconf 87' lang='lat' dir='ltr'>altissimus</span> <span class='ocrx_word' id='word_1_117' title='bbox 903 2485 971 2550; x_wconf 89' lang='lat' dir='ltr'>ibat</span> 
     </span>
    </p>

    <p class='ocr_par' dir='ltr' id='par_1_7' title="bbox 257 2599 1183 2690">
     <span class='ocr_line' id='line_1_20' title="bbox 257 2599 1183 2690; baseline -0.002 -25"><span class='ocrx_word' id='word_1_118' title='bbox 257 2599 401 2666; x_wconf 88' lang='lat' dir='ltr'>Phoebus</span> <span class='ocrx_word' id='word_1_119' title='bbox 419 2603 528 2690; x_wconf 80' lang='lat' dir='ltr'>equis3</span> <span class='ocrx_word' id='word_1_120' title='bbox 547 2620 701 2668; x_wconf 86' lang='lat' dir='ltr'>resonant</span> <span class='ocrx_word' id='word_1_121' title='bbox 715 2601 827 2668; x_wconf 75' lang='lat' dir='ltr'>validm</span> <span class='ocrx_word' id='word_1_122' title='bbox 842 2601 884 2666; x_wconf 87' lang='lat' dir='ltr'>de</span> <span class='ocrx_word' id='word_1_123' title='bbox 901 2601 1068 2666; x_wconf 89' lang='lat' dir='ltr'>montibus</span> <span class='ocrx_word' id='word_1_124' title='bbox 1084 2621 1183 2682; x_wconf 79' lang='lat' dir='ltr'>auras,</span> 
     </span>
    </p>

    <p class='ocr_par' dir='ltr' id='par_1_8' title="bbox 256 2715 1286 2806">
     <span class='ocr_line' id='line_1_21' title="bbox 256 2715 1286 2806; baseline -0.001 -26"><span class='ocrx_word' id='word_1_125' title='bbox 256 2715 463 2804; x_wconf 86' lang='lat' dir='ltr'>Carbasaque</span> <span class='ocrx_word' id='word_1_126' title='bbox 478 2719 540 2782; x_wconf 90' lang='lat' dir='ltr'>alta</span> <span class='ocrx_word' id='word_1_127' title='bbox 556 2733 690 2806; x_wconf 87' lang='lat' dir='ltr'>petunt,</span> <span class='ocrx_word' id='word_1_128' title='bbox 706 2717 801 2797; x_wconf 83' lang='lat' dir='ltr'>jubet</span> <span class='ocrx_word' id='word_1_129' title='bbox 816 2738 894 2805; x_wconf 86' lang='lat' dir='ltr'>ergo</span> <span class='ocrx_word' id='word_1_130' title='bbox 910 2717 1031 2780; x_wconf 89' lang='lat' dir='ltr'>intrare</span> <span class='ocrx_word' id='word_1_131' title='bbox 1046 2717 1188 2781; x_wconf 83' lang='lat' dir='ltr'>carinam</span> <span class='ocrx_word' id='word_1_132' title='bbox 1247 2731 1286 2772; x_wconf 66' lang='lat'>⁶⁴⁵</span> 
     </span>
    </p>

    <p class='ocr_par' dir='ltr' id='par_1_9' title="bbox 252 2831 1018 2920">
     <span class='ocr_line' id='line_1_22' title="bbox 252 2831 1018 2920; baseline 0.001 -27"><span class='ocrx_word' id='word_1_133' title='bbox 252 2831 441 2896; x_wconf 74' lang='lat' dir='ltr'>Exclamant</span> <span class='ocrx_word' id='word_1_134' title='bbox 455 2831 596 2920; x_wconf 81' lang='lat' dir='ltr'>Tiphys,</span> <span class='ocrx_word' id='word_1_135' title='bbox 614 2846 647 2897; x_wconf 88' lang='lat' dir='ltr'>et</span> <span class='ocrx_word' id='word_1_136' title='bbox 663 2832 787 2896; x_wconf 83' lang='lat' dir='ltr'>solvere</span> <span class='ocrx_word' id='word_1_137' title='bbox 803 2831 897 2894; x_wconf 87' lang='lat' dir='ltr'>litore</span> <span class='ocrx_word' id='word_1_138' title='bbox 912 2833 1018 2894; x_wconf 82' lang='lat' dir='ltr'>funes.</span> 
     </span>
    </p>

    <p class='ocr_par' dir='ltr' id='par_1_10' title="bbox 253 2943 1042 3035">
     <span class='ocr_line' id='line_1_23' title="bbox 253 2943 1042 3035; baseline 0 -27"><span class='ocrx_word' id='word_1_139' title='bbox 253 2947 297 3008; x_wconf 85' lang='lat' dir='ltr'>At</span> <span class='ocrx_word' id='word_1_140' title='bbox 317 2944 400 3009; x_wconf 86' lang='lat' dir='ltr'>citus</span> <span class='ocrx_word' id='word_1_141' title='bbox 416 2943 557 3010; x_wconf 86' lang='lat' dir='ltr'>Elatides</span> <span class='ocrx_word' id='word_1_142' title='bbox 574 2946 667 3011; x_wconf 86' lang='lat' dir='ltr'>silvas</span> <span class='ocrx_word' id='word_1_143' title='bbox 684 2945 906 3035; x_wconf 84' lang='lat' dir='ltr'>Polyphemus</span> <span class='ocrx_word' id='word_1_144' title='bbox 924 2945 1042 3026; x_wconf 88' lang='lat' dir='ltr'>inibat,</span> 
     </span>
    </p>

    <p class='ocr_par' dir='ltr' id='par_1_11' title="bbox 253 3057 1108 3148">
     <span class='ocr_line' id='line_1_24' title="bbox 253 3057 1108 3148; baseline -0.001 -24"><span class='ocrx_word' id='word_1_145' title='bbox 253 3059 298 3124; x_wconf 85' lang='lat' dir='ltr'>Ut</span> <span class='ocrx_word' id='word_1_146' title='bbox 313 3076 409 3123; x_wconf 85' lang='lat' dir='ltr'>vocet</span> <span class='ocrx_word' id='word_1_147' title='bbox 420 3058 571 3142; x_wconf 83' lang='lat' dir='ltr'>Alciden,</span> <span class='ocrx_word' id='word_1_148' title='bbox 588 3061 794 3147; x_wconf 88' lang='lat' dir='ltr'>celeremque</span> <span class='ocrx_word' id='word_1_149' title='bbox 813 3057 948 3124; x_wconf 87' lang='lat' dir='ltr'>reducat</span> <span class='ocrx_word' id='word_1_150' title='bbox 960 3057 1001 3123; x_wconf 91' lang='lat' dir='ltr'>ad</span> <span class='ocrx_word' id='word_1_151' title='bbox 1013 3060 1108 3148; x_wconf 80' lang='lat' dir='ltr'>Argo.</span> 
     </span>
    </p>

    <p class='ocr_par' dir='ltr' id='par_1_12' title="bbox 252 3173 1116 3242">
     <span class='ocr_line' id='line_1_25' title="bbox 252 3173 1116 3242; baseline 0 -4"><span class='ocrx_word' id='word_1_152' title='bbox 252 3175 374 3238; x_wconf 90' lang='lat' dir='ltr'>Verum</span> <span class='ocrx_word' id='word_1_153' title='bbox 391 3173 480 3239; x_wconf 91' lang='lat' dir='ltr'>haud</span> <span class='ocrx_word' id='word_1_154' title='bbox 496 3176 660 3242; x_wconf 85' lang='lat' dir='ltr'>occurrit:</span> <span class='ocrx_word' id='word_1_155' title='bbox 676 3176 779 3240; x_wconf 80' lang='lat' dir='ltr'>robur</span> <span class='ocrx_word' id='word_1_156' title='bbox 795 3199 870 3241; x_wconf 89' lang='lat' dir='ltr'>nam</span> <span class='ocrx_word' id='word_1_157' title='bbox 887 3177 951 3240; x_wconf 83' lang='lat' dir='ltr'>fata</span> <span class='ocrx_word' id='word_1_158' title='bbox 965 3175 1116 3240; x_wconf 87' lang='lat' dir='ltr'>vetabant</span> 
     </span>
    </p>

    <p class='ocr_par' dir='ltr' id='par_1_13' title="bbox 252 3287 1285 3494">
     <span class='ocr_line' id='line_1_26' title="bbox 252 3287 1285 3380; baseline 0 -26"><span class='ocrx_word' id='word_1_159' title='bbox 252 3287 373 3355; x_wconf 73' lang='lat' dir='ltr'>Alcidae</span> <span class='ocrx_word' id='word_1_160' title='bbox 389 3289 540 3355; x_wconf 86' lang='lat' dir='ltr'>indomiti</span> <span class='ocrx_word' id='word_1_161' title='bbox 554 3291 744 3380; x_wconf 88' lang='lat' dir='ltr'>contingere</span> <span class='ocrx_word' id='word_1_162' title='bbox 756 3289 912 3356; x_wconf 87' lang='lat' dir='ltr'>Phasidos</span> <span class='ocrx_word' id='word_1_163' title='bbox 925 3289 1042 3356; x_wconf 90' lang='lat' dir='ltr'>undas.</span> <span class='ocrx_word' id='word_1_164' title='bbox 1246 3308 1285 3347; x_wconf 65' lang='grc' dir='ltr'>σεο</span> 
     </span>
     <span class='ocr_line' id='line_1_27' title="bbox 297 3384 1039 3494; baseline 0.003 -26"><span class='ocrx_word' id='word_1_165' title='bbox 297 3401 386 3494; x_wconf 85' lang='lat' dir='ltr'>Ergo</span> <span class='ocrx_word' id='word_1_166' title='bbox 400 3404 459 3469; x_wconf 91' lang='lat' dir='ltr'>ubi</span> <span class='ocrx_word' id='word_1_167' title='bbox 476 3405 600 3474; x_wconf 88' lang='lat' dir='ltr'>telluris</span> <span class='ocrx_word' id='word_1_168' title='bbox 616 3406 764 3470; x_wconf 81' lang='lat' dir='ltr'>infaustas</span> <span class='ocrx_word' id='word_1_169' title='bbox 782 3384 1039 3494; x_wconf 49' lang='lat' dir='ltr'>liquimus&#39;oras,</span> 
     </span>
    </p>

    <p class='ocr_par' dir='ltr' id='par_1_14' title="bbox 252 3519 1145 3611">
     <span class='ocr_line' id='line_1_28' title="bbox 252 3519 1145 3611; baseline -0.001 -27"><span class='ocrx_word' id='word_1_170' title='bbox 252 3519 312 3584; x_wconf 87' lang='lat' dir='ltr'>llic</span> <span class='ocrx_word' id='word_1_171' title='bbox 321 3519 388 3600; x_wconf 87' lang='lat' dir='ltr'>jam</span> <span class='ocrx_word' id='word_1_172' title='bbox 400 3521 542 3610; x_wconf 76' lang='lat' dir='ltr'>Amycus</span> <span class='ocrx_word' id='word_1_173' title='bbox 552 3519 763 3610; x_wconf 79' lang='lat' dir='ltr'>Bebryoensia</span> <span class='ocrx_word' id='word_1_174' title='bbox 777 3519 875 3585; x_wconf 87' lang='lat' dir='ltr'>habet</span> <span class='ocrx_word' id='word_1_175' title='bbox 891 3519 1032 3584; x_wconf 86' lang='lat' dir='ltr'>crudelia</span> <span class='ocrx_word' id='word_1_176' title='bbox 1046 3541 1145 3611; x_wconf 86' lang='lat' dir='ltr'>regna</span> 
     </span>
    </p>

    <p class='ocr_par' dir='ltr' id='par_1_15' title="bbox 252 3633 1195 3724">
     <span class='ocr_line' id='line_1_29' title="bbox 252 3633 1195 3724; baseline 0.001 -26"><span class='ocrx_word' id='word_1_177' title='bbox 252 3633 383 3715; x_wconf 89' lang='lat' dir='ltr'>Gentis,</span> <span class='ocrx_word' id='word_1_178' title='bbox 400 3651 433 3700; x_wconf 91' lang='lat' dir='ltr'>et</span> <span class='ocrx_word' id='word_1_179' title='bbox 448 3635 618 3703; x_wconf 66' lang='lat' dir='ltr'>aetherium</span> <span class='ocrx_word' id='word_1_180' title='bbox 633 3652 848 3700; x_wconf 85' lang='lat' dir='ltr'>contemnens</span> <span class='ocrx_word' id='word_1_181' title='bbox 866 3635 979 3724; x_wconf 86' lang='lat' dir='ltr'>fasque</span> <span class='ocrx_word' id='word_1_182' title='bbox 1000 3637 1195 3723; x_wconf 81' lang='lat' dir='ltr'>lovemque,</span> 
     </span>
    </p>

    <p class='ocr_par' dir='ltr' id='par_1_16' title="bbox 252 3751 1095 3842">
     <span class='ocr_line' id='line_1_30' title="bbox 252 3751 1095 3842; baseline 0.002 -28"><span class='ocrx_word' id='word_1_183' title='bbox 252 3752 399 3816; x_wconf 89' lang='lat' dir='ltr'>lmmane</span> <span class='ocrx_word' id='word_1_184' title='bbox 417 3753 557 3819; x_wconf 86' lang='lat' dir='ltr'>instituit</span> <span class='ocrx_word' id='word_1_185' title='bbox 574 3767 687 3818; x_wconf 89' lang='lat' dir='ltr'>contra</span> <span class='ocrx_word' id='word_1_186' title='bbox 701 3752 830 3842; x_wconf 90' lang='lat' dir='ltr'>hospita</span> <span class='ocrx_word' id='word_1_187' title='bbox 844 3751 917 3832; x_wconf 91' lang='lat' dir='ltr'>jura</span> <span class='ocrx_word' id='word_1_188' title='bbox 931 3751 1095 3832; x_wconf 89' lang='lat' dir='ltr'>duellum,</span> 
     </span>
    </p>

    <p class='ocr_par' dir='ltr' id='par_1_17' title="bbox 252 3863 1284 3958">
     <span class='ocr_line' id='line_1_31' title="bbox 252 3863 1284 3958; baseline 0.001 -27"><span class='ocrx_word' id='word_1_189' title='bbox 252 3863 313 3948; x_wconf 92' lang='lat' dir='ltr'>Ut,</span> <span class='ocrx_word' id='word_1_190' title='bbox 332 3865 496 3933; x_wconf 81' lang='lat' dir='ltr'>stabulum</span> <span class='ocrx_word' id='word_1_191' title='bbox 512 3868 659 3958; x_wconf 90' lang='lat' dir='ltr'>quisquis</span> <span class='ocrx_word' id='word_1_192' title='bbox 674 3868 726 3932; x_wconf 86' lang='lat' dir='ltr'>vel</span> <span class='ocrx_word' id='word_1_193' title='bbox 743 3867 830 3957; x_wconf 87' lang='lat' dir='ltr'>regia</span> <span class='ocrx_word' id='word_1_194' title='bbox 847 3883 930 3932; x_wconf 89' lang='lat' dir='ltr'>tecta</span> <span class='ocrx_word' id='word_1_195' title='bbox 947 3867 1089 3950; x_wconf 90' lang='lat' dir='ltr'>subiret,</span> <span class='ocrx_word' id='word_1_196' title='bbox 1244 3883 1284 3924; x_wconf 78' lang='lat'>⁶⁵⁵</span> 
     </span>
    </p>

    <p class='ocr_par' dir='ltr' id='par_1_18' title="bbox 253 3980 999 4072">
     <span class='ocr_line' id='line_1_32' title="bbox 253 3980 999 4072; baseline 0.004 -29"><span class='ocrx_word' id='word_1_197' title='bbox 253 3980 292 4044; x_wconf 91' lang='lat' dir='ltr'>In</span> <span class='ocrx_word' id='word_1_198' title='bbox 307 3981 450 4072; x_wconf 85' lang='lat' dir='ltr'>pugilem</span> <span class='ocrx_word' id='word_1_199' title='bbox 469 3981 560 4048; x_wconf 90' lang='lat' dir='ltr'>duris</span> <span class='ocrx_word' id='word_1_200' title='bbox 576 3985 663 4047; x_wconf 87' lang='lat' dir='ltr'>ineat</span> <span class='ocrx_word' id='word_1_201' title='bbox 681 3982 857 4047; x_wconf 86' lang='lat' dir='ltr'>certamina</span> <span class='ocrx_word' id='word_1_202' title='bbox 870 3983 999 4071; x_wconf 83' lang='lat' dir='ltr'>pugnis.</span> 
     </span>
    </p>

    <p class='ocr_par' dir='ltr' id='par_1_19' title="bbox 255 4095 1068 4186">
     <span class='ocr_line' id='line_1_33' title="bbox 255 4095 1068 4186; baseline 0.005 -28"><span class='ocrx_word' id='word_1_203' title='bbox 255 4095 352 4160; x_wconf 87' lang='lat' dir='ltr'>Hunc</span> <span class='ocrx_word' id='word_1_204' title='bbox 365 4097 464 4186; x_wconf 89' lang='lat' dir='ltr'>igitur</span> <span class='ocrx_word' id='word_1_205' title='bbox 480 4099 635 4163; x_wconf 79' lang='lat' dir='ltr'>stravisti</span> <span class='ocrx_word' id='word_1_206' title='bbox 651 4115 738 4162; x_wconf 89' lang='lat' dir='ltr'>vasta</span> <span class='ocrx_word' id='word_1_207' title='bbox 755 4113 788 4161; x_wconf 88' lang='lat' dir='ltr'>et</span> <span class='ocrx_word' id='word_1_208' title='bbox 802 4097 919 4162; x_wconf 89' lang='lat' dir='ltr'>robore</span> <span class='ocrx_word' id='word_1_209' title='bbox 935 4097 1068 4176; x_wconf 88' lang='lat' dir='ltr'>Pollux,</span> 
     </span>
    </p>
   </div>
   <div class='ocr_carea' id='block_1_5' title="bbox 0 0 1508 4676">
    <p class='ocr_par' dir='ltr' id='par_1_20' title="bbox 0 0 1508 4676">
     <span class='ocr_line' id='line_1_34' title="bbox 0 0 1508 4676; baseline 0 0"><span class='ocrx_word' id='word_1_210' title='bbox 0 0 1508 4676; x_wconf 95' lang='lat' dir='ltr'> </span> 
     </span>
    </p>
   </div>
  </div>
 </body>
</html>
