3002 4680
245 319 286 388 56
544 321 581 385 C.
605 321 801 386 VALERII
824 322 1000 387 FLACCI

287 454 371 519 «Hei
387 453 487 536 mihi,
504 455 531 518 ei
547 453 636 519 durae
651 470 765 520 natum
776 454 958 522 subducere
972 457 1053 520 sorti
1163 542 1167 550 ι

286 569 413 650 Moliar,
430 584 528 658 atque
545 571 624 635 meis
639 571 743 636 ausim
761 569 924 658 confidere
938 571 1065 660 regnis!
1096 611 1102 626 ·
1268 587 1308 628 os

285 684 398 749 Frater
411 683 519 750 adhuc
531 686 647 774 Amyci
663 701 776 750 moeret
787 707 886 768 nece,
903 701 1084 773 cunctaque
1098 684 1210 751 divum

284 799 393 864 Turba
407 800 570 882 fremunt,
587 821 729 888 quorum
741 801 808 864 nati
819 799 964 865 cecidere
977 799 1168 888 cadentque.

286 914 377 997 Quin
389 914 506 979 habeat
519 937 578 980 sua
590 937 755 1004 quemque
766 914 835 980 dies
846 964 855 998 ,
868 916 1058 1003 cunctisque
1073 911 1219 1006 negabo,

287 1028 370 1111 Qute
381 1029 462 1094 milti
473 1061 496 1095 ι.
513 1030 687 1118 Supremos
702 1031 820 1096 misero
833 1031 880 1095 sic
892 1031 977 1095 fatus
990 1031 1131 1095 honores
1251 1105 1255 1112 Ι

285 1143 461 1232 Congerit,
474 1159 573 1232 atque
585 1143 700 1208 animis
714 1143 910 1210 moriturum
922 1143 1109 1234 ingentibus
1121 1145 1244 1232 implet.
1267 1165 1308 1205 o.

284 1257 343 1321 Ille
353 1258 440 1322 volat
452 1259 591 1346 campis,
604 1259 826 1346 immensaque
836 1258 953 1324 funera
964 1260 1078 1324 miscet

286 1372 350 1436 Per
364 1395 495 1438 cuneos.
507 1373 606 1438 Velut
621 1374 759 1438 hiberno
775 1389 952 1462 proruptus
965 1373 1007 1437 ab
1020 1395 1098 1437 arou

286 1487 396 1589 Irnlper
404 1511 502 1578 agens
513 1489 683 1578 scopulos,
696 1510 935 1576 nemorumque
944 1509 1147 1576 operumque
1158 1487 1283 1570 ruinas,

285 1603 399 1669 Donec
414 1603 455 1668 ah
471 1603 594 1694 ingenti
609 1603 784 1668 bacchatus
799 1604 917 1668 vertice
934 1602 1054 1666 montis

286 1719 468 1807 Frangitur,
484 1719 585 1806 inque
602 1739 725 1782 novum
742 1717 906 1804 paullatim
925 1715 1034 1781 deficit
1047 1739 1196 1799 amnem3
1268 1736 1307 1775 ⁶³⁵

285 1831 371 1896 Talis
387 1832 422 1895 in
438 1847 581 1896 extremo
597 1830 703 1918 proles
718 1830 805 1894 lovis
820 1831 936 1895 emicat
949 1853 1035 1912 aevo,

285 1947 328 2012 Et
343 1969 432 2012 nunc
447 1946 670 2036 magnanimos
684 1947 874 2032 Hypetaona
885 1945 1160 2034 Gesithoumque‚

285 2061 383 2127 Nunc
396 2063 517 2127 Arinen
535 2061 721 2148 Olbumque
737 2078 848 2145 necat;
863 2061 927 2142 jam
943 2061 1071 2126 saucius
1083 2063 1211 2150 Apren,

273 2253 328 2301 625.
341 2251 432 2299 Melior.
441 2249 518 2296 Vatic.
534 2249 626 2296 Boron.
643 2248 713 2295 codd.
726 2259 750 2296 et
762 2247 818 2296 edd.
831 2257 916 2311 prater
927 2249 1026 2310 lingent.
1041 2275 1072 2286 -
1087 2249 1142 2299 633.
1160 2252 1215 2299 Iber
1229 2269 1306 2317 egens.

243 2334 334 2379 Bonon.
354 2333 366 2378 1
384 2339 408 2377 et
425 2331 457 2376 ll.
473 2331 537 2375 lunt.
556 2327 609 2375 ald.
631 2353 662 2364 -
684 2327 739 2375 638.
760 2329 838 2376 Notat.
853 2327 929 2378 Yetic.
950 2330 1039 2376 Boron.
1056 2331 1127 2378 codd.
1144 2341 1168 2380 et
1183 2333 1238 2380 cdd.
1253 2343 1309 2380 ante

243 2413 309 2460 ean.
327 2412 406 2460 lineat.
424 2409 510 2456 Sabell.
525 2409 569 2455 lin.

279 2567 340 2626 624.
353 2565 400 2616 11σί
407 2563 480 2613 milri!
489 2561 527 2614 cic
535 2579 626 2618 tecum
638 2560 752 2633 Jupiter,
796 2565 870 2614 ber-no
887 2565 920 2614 ab
941 2581 1001 2614 arcu
1018 2567 1102 2628 imber,
1120 2576 1261 2637 postquam
1278 2565 1307 2618 in

243 2651 308 2714 quot
324 2641 392 2694 mihi
409 2638 546 2694 audiendo
565 2651 651 2694 essent
668 2659 684 2692 a
703 2639 753 2694 dita
797 2643 862 2698 celo
880 2642 930 2696 Iria
942 2645 1200 2717 apparuit(imbnfer
1217 2665 1307 2710 aroris,

164 2731 172 2740 “
242 2720 352 2792 reliquis
371 2720 500 2790 querele,
518 2720 540 2776 ei
559 2719 645 2774 lilium
663 2737 753 2774 meum
796 2723 898 2776 Tibull.
912 2723 943 2789 I,
963 2734 994 2790 4,
1009 2729 1076 2792 44),
1086 2740 1231 2794 proruptas,
1247 2744 1307 2797 pro-

242 2798 323 2852 morti
334 2798 428 2852 vellem
441 2797 604 2864 subducere,
614 2819 754 2854 summam·
796 2822 922 2876 rumpens
933 2807 1091 2874 (proruptam
1108 2808 1241 2858 audaciam
1258 2805 1306 2858 ht·

242 2896 295 2951 que
311 2897 398 2931 meam
412 2878 440 2932 in
455 2897 487 2932 eo
505 2881 649 2952 potentiam
667 2879 754 2934 decla·
796 2883 843 2938 bet
861 2885 918 2954 ipae
936 2886 1028 2938 Cicero
1050 2905 1097 2956 pro
1119 2887 1195 2938 llotc.
1217 2887 1306 2939 Amen.

242 2957 316 3012 me!
797 2961 942 3027 c,xx1V;
961 2978 1100 3032 promptum
1115 2984 1198 3024 mare,
1210 2965 1306 3034 Virgil.

277 3041 338 3092 626.
347 3043 432 3092 Frater
438 3039 578 3111 Neptunus
588 3044 669 3094 adimo
678 3045 754 3106 Amy·
797 3040 900 3106 AEn.1,
912 3045 962 3105 246
970 3058 977 3104 ς
983 3055 1125 3109 proruptum
1131 3046 1252 3108 pelagus,
1261 3043 1306 3096 Sil.

242 3120 266 3169 ci
276 3115 325 3169 filii
338 3133 422 3170 moeret
435 3138 509 3180 nece,
525 3135 661 3188 cunctaque
672 3125 753 3174 divum
797 3117 896 3182 111,51
908 3132 1065 3185 3prompmm
1078 3123 1193 3168 Veterum
1202 3119 1306 3182 Noster,

241 3198 312 3246 narba
328 3197 456 3264 fremunt,
486 3199 698 3265 tumultuantur,
727 3211 755 3252 et
797 3196 848 3258 IV,
862 3195 1307 3264 507),agcnrscopulos,seta.ne-

241 3291 346 3328 mecum
358 3275 526 3330 altercantur.
797 3293 938 3342 morumque
954 3293 1099 3342 operumque
1116 3276 1217 3336 ruinas,
1233 3277 1308 3330 arbo·

278 3354 339 3406 628.
350 3358 413 3421 Quin
420 3359 509 3408 lrabeat
516 3376 562 3408 sua
571 3375 692 3424 quemque
700 3357 753 3406 dies
797 3371 840 3406 res
850 3353 950 3406 excisas
960 3370 1130 3423 ‚magnorum
1136 3352 1306 3408 edificiorum

242 3432 344 3486 mortio.
354 3433 397 3488 Sic
406 3471 414 3498 ,
422 3435 460 3500 V,
473 3454 503 3489 ra
514 3475 522 3502 ,
534 3439 586 3488 dies
596 3455 654 3486 tutu
666 3437 752 3485 adino·
796 3429 892 3484 rudera
902 3467 909 3494 ‚
920 3431 1024 3496 trabes,
1034 3443 1084 3484 etc.

242 3524 286 3563 net
297 3531 389 3568 omnes.
832 3511 894 3574 634.
908 3516 993 3563 Donec
1014 3513 1046 3562 ab
1063 3515 1161 3582 ingenti
1175 3517 1306 3566 bacchans

277 3593 339 3661 629.
354 3596 394 3645 Sic
405 3595 495 3662 sams,
521 3610 642 3660 supremos
666 3591 753 3642 misero
798 3593 886 3655 (nenti
906 3590 933 3642 in
951 3589 1044 3662 primic
1059 3592 1144 3663 poetis
1161 3612 1228 3666 eoepe
1249 3597 1306 3646 bac·

242 3673 483 3740 decemremem,
499 3670 551 3722 ltoc
567 3667 702 3734 concedit,
723 3681 754 3721 nt
797 3671 921 3734 edantur)
941 3674 1035 3722 vertice
1057 3675 1144 3724 montis
1162 3675 1305 3743 frangitur,

241 3767 296 3802 non
308 3749 359 3803 nial
371 3749 451 3802 rebua
464 3747 607 3800 fortissime
620 3747 697 3817 gestit
707 3767 751 3800 oc·
797 3745 849 3800 vim
871 3749 969 3804 sentim
996 3751 1105 3816 amittit,
1126 3755 1200 3820 inque
1219 3773 1305 3806 norum

243 3829 369 3894 cumbet,
382 3827 438 3888 vel,
452 3827 491 3878 uti
500 3822 621 3878 Valerius
635 3824 689 3897 ipae
704 3826 753 3880 ad·
792 3831 923 3896 paullatim
934 3832 1016 3902 deficit
1026 3851 1122 3882 amnem
1129 3869 1138 3893 ,
1153 3830 1189 3882 ita
1199 3830 1306 3902 langue·

243 3905 298 3971 dit,
311 3909 401 3958 animis
414 3906 553 3956 moriturum
564 3907 701 3973 ingentibus
710 3911 755 3958 im·
799 3908 863 3972 tcit,
877 3922 906 3961 ut
916 3909 943 3962 in
953 3923 1056 3963 tenuem
1067 3909 1181 3962 fluvium
1191 3911 1276 3964 abent.

241 3987 300 4051 plat.
758 4039 762 4052 ,
833 3989 894 4041 636.
917 3993 982 4041 Talis
1000 3989 1082 4061 igitur
1104 4002 1212 4040 extremo
1235 4009 1303 4050 oevo,

281 4063 614 4132 631.111,0v01ncampn,
632 4070 701 4118 uelut
717 4069 754 4118 lai-
798 4079 858 4120 ante
875 4067 993 4134 obitum,
1010 4073 1092 4136 proles
1115 4069 1178 4118 Iovis
1201 4070 1302 4130 emicat,-
