3006 4676
249 399 313 464 216
363 397 415 464 IN
444 398 530 466 LIB.
555 397 787 463 OCTAVUM
816 397 1213 466 ARGONAUTICON

245 517 320 582 Quos
338 533 493 589 quanquam
512 526 685 587 preposteros
703 513 952 587 supposititiosqne,
971 515 1018 586 qui
1037 527 1099 569 ante
1116 535 1159 570 me
1176 517 1314 570 Valerium

246 598 387 656 ediderunt
396 635 404 664 ,
412 597 528 652 habuere
537 639 545 664 ,
554 597 668 670 ideoque
679 599 769 652 locum
780 599 813 652 iis
822 599 919 672 inipso
931 611 1054 654 contextu
1067 600 1215 656 concedere
1225 602 1316 656 nolue-

245 695 325 748 runt,
341 680 497 736 eorumdem
509 693 598 734 umen
608 682 758 754 exemplum
770 693 896 754 sequutars
907 683 937 752 in
949 684 1140 738 commentario
1153 684 1227 738 nolui
1240 683 1316 738 omit·

247 779 314 826 tere.
334 791 347 811 a
371 797 406 806 -
424 765 466 819 Sic
482 765 647 835 Wagnerns.
665 764 760 819 Verius
779 764 904 818 lectiones
922 764 993 819 vide.
1010 764 1095 818 Nihili
1112 763 1230 819 habendi
1253 773 1318 820 sunt

245 846 283 902 illi
297 847 412 901 sedecim
427 865 535 909 versus,
545 866 612 919 quos
626 846 742 920 aliquem
757 865 787 901 ea
802 859 890 902 mente
904 860 1086 902 comm-tum
1100 867 1157 903 esse
1169 847 1317 904 verisimile

246 941 303 996 est,
316 942 347 986 ut
359 947 465 985 versum
479 929 528 983 135
540 947 600 984 cum
615 949 693 985 versu
709 935 759 988 186
770 933 904 1004 jungeret

276 1087 311 1139 V.
324 1091 382 1148 ido.
395 1090 477 1137 Mater
485 1086 567 1136 aditus
579 1089 666 1136 ambus
677 1089 793 1138 undabat
804 1089 829 1138 in
838 1104 941 1154 coquom
950 1090 1059 1154 palmos·
1067 1116 1103 1126 -
1116 1110 1129 1130 α
1138 1085 1261 1137 Otiosum
1271 1086 1319 1135 ad·

242 1172 303 1231 luc,
323 1168 589 1241 inquithgnerus,
605 1167 655 1220 nisi
671 1168 736 1222 velia
748 1169 893 1222 rescribere
909 1173 947 1220 ad
958 1171 1011 1220 lac
1021 1166 1112 1238 audita
1125 1179 1150 1220 et
1159 1166 1228 1220 visa.
1245 1164 1319 1232 Quid

244 1253 267 1306 si
278 1255 372 1318 Idyia?
384 1252 436 1306 hoc
450 1252 522 1304 enim
535 1269 634 1305 nomen
648 1252 698 1305 suit
716 1254 795 1306 matri
806 1252 925 1316 Medeae,
938 1271 987 1306 nec
1005 1251 1152 1305 admodum
1164 1261 1319 1323 repugnant

243 1332 339 1385 ductos
358 1331 501 1385 literarum.
517 1332 618 1386 Obesse
631 1331 779 1400 videbam,
790 1331 864 1406 quod
881 1333 1038 1404 plerumque
1054 1329 1144 1386 Εἰδυῖα
1156 1329 1319 1392 inveniatur,

242 1412 357 1483 ideoque
368 1411 457 1484 prims
471 1410 574 1484 syllaba
584 1411 681 1482 corripi
693 1429 749 1466 non
763 1412 863 1484 possit;
877 1410 923 1464 sed
933 1405 1006 1468 idota
1016 1429 1070 1464 non
1080 1410 1167 1464 murm
1180 1411 1264 1472 bene,
1278 1410 1318 1462 uti

245 1496 365 1570 lleynius
377 1495 412 1550 ad
423 1493 577 1568 Apollodor.
588 1515 613 1567 p.
631 1495 693 1563 203,
712 1496 808 1569 probat
824 1513 856 1548 ex
865 1493 975 1547 Hesiodi
985 1493 1088 1566 Theog.
1105 1497 1169 1564 960,
1181 1493 1228 1546 nbi
1242 1491 1320 1545 etiam

246 1581 335 1652 prima
347 1579 449 1652 syllaba
462 1579 556 1633 brevis.
569 1577 695 1644 Accedit,
709 1579 782 1651 quod
797 1597 896 1632 nomen
910 1578 1049 1650 proprium
1065 1579 1109 1632 rix
1122 1579 1212 1633 abesse
1227 1595 1320 1648 posse,

247 1664 340 1718 etsola
354 1663 524 1716 librariorum
542 1661 664 1728 inscitia,
677 1663 724 1734 qui
739 1663 849 1716 nomina
870 1663 978 1734 propria
996 1662 1098 1715 rariore
1116 1661 1167 1715 sibi
1187 1659 1322 1732 incognita

248 1759 352 1800 mutere
364 1745 498 1808 solebant,
515 1745 642 1799 excidisse
657 1745 790 1800 videntur.
804 1747 966 1814 Temperare
983 1745 1064 1816 igitur
1079 1764 1134 1799 non
1152 1744 1243 1817 potui,
1256 1744 1321 1817 quin

248 1829 367 1895 lemine,
376 1846 458 1901 quam
468 1839 494 1882 et
504 1828 661 1899 Apollonius
668 1864 677 1890 ,
688 1829 741 1895 111,
758 1830 820 1893 243,
833 1829 991 1881 nominatim
1005 1828 1103 1890 habet,
1113 1829 1267 1882 memorium
1282 1845 1322 1880 re·

250 1931 390 1976 notarem,
410 1912 552 1984 locumque
565 1911 590 1965 ei
604 1912 631 1964 in
653 1911 711 1982 ipso
731 1923 853 1964 contexto
865 1910 1054 1978 concederem,
1074 1911 1175 1964 Heinsii
1193 1920 1322 1982 sequutus

250 1996 416 2068 exemplum,
430 1995 476 2068 qui
491 1994 610 2049 eamdem
624 1993 736 2065 Ovidio,
748 1993 855 2050 Heroid.
866 1997 957 2058 XVII,
980 1997 1042 2061 23²,
1055 1996 1170 2050 restituit
1179 2021 1190 2042 s
1199 1994 1323 2047 .—lllam

251 2081 423 2134 mutationem
436 2098 486 2132 nec
499 2080 634 2152 patiuntur
644 2077 764 2145 codices,
773 2097 824 2132 nec
833 2079 944 2151 requirit
955 2097 1057 2133 senem.
1070 2081 1173 2142 Adhrrc,
1186 2077 1203 2131 i.
1216 2097 1240 2131 e.
1250 2077 1323 2130 insu·

252 2181 311 2235 per,
323 2176 459 2236 praterea.
907 2175 911 2183 ’

179 2305 182 2310 ’
288 2312 324 2364 V.
338 2315 386 2380 167
392 2347 736 2364 ....................
753 2329 880 2362 commuue
888 2313 980 2380 suisset

393 2399 447 2447 Aut
454 2408 518 2445 certe
527 2413 592 2444 nunc
599 2413 671 2446 omne
679 2395 762 2462 nefas,
774 2397 862 2446 iremus
871 2409 896 2446 et
907 2399 988 2446 ambra

394 2483 426 2528 In
439 2497 605 2545 quascumque
614 2481 672 2530 uias
678 2499 689 2540 ,¹
696 2481 795 2546 pariter
804 2480 902 2545 petiisse
908 2481 1008 2547 juvaret

397 2563 560 2622 lucedium,
574 2577 599 2613 et
610 2565 680 2622 soevr',
693 2580 853 2630 quoecumque
865 2576 913 2623 est,
924 2563 1024 2631 hospitis
1036 2564 1128 2613 urbem.

254 2692 362 2744 «Locus
378 2691 540 2758 salebrosos,
554 2692 591 2746 ait
602 2693 773 2763 Wagnerus,
790 2692 818 2745 in
837 2709 892 2766 quo
910 2693 1005 2747 rocula
1021 2713 1086 2745 nune
1102 2711 1207 2746 sensum
1226 2693 1323 2748 turbat.

254 2774 417 2828 Accesserim
427 2773 536 2828 Heinsio
545 2775 698 2848 conjicienti
708 2793 716 2829 :
728 2795 855 2830 commune
860 2778 954 2847 fuisset
961 2783 1014 2828 Aur
1025 2791 1091 2829 certe
1098 2788 1186 2830 tecum
1199 2795 1270 2828 omne
1282 2795 1324 2827 ne-

247 2861 307 2929 fas,
318 2858 406 2931 itaque
421 2877 483 2912 cum
497 2860 713 2916 antecedentibus
729 2861 929 2934 conjunxerim:
946 2861 1052 2914 Utinam
1068 2861 1135 2914 mihi
1152 2861 1270 2914 confessa
1284 2878 1324 2912 es·

256 2942 312 2996 ses!
324 2941 470 2996 olfecissem
482 2942 555 3015 apud
568 2955 688 3017 patrem,
697 2961 755 3008 sut,
769 2946 792 2998 si
804 2945 848 2998 hic
860 2945 987 2998 noluisset
999 2944 1163 3008 consentire,
1177 2961 1255 2996 tecum
1270 2944 1325 3015 ipsa

254 3027 283 3079 in
294 3026 444 3080 societatem
456 3027 580 3082 facinoris
590 3029 721 3083 venissem
729 3047 738 3094 ξ
747 3033 834 3081 cemus
843 3033 923 3080 ambre
932 3032 957 3080 in
967 3033 1203 3098 quascumquevias,
1210 3028 1265 3100 ipsa
1276 3027 1325 3080 tibi

254 3127 343 3164 eomes
364 3110 435 3181 fugae
458 3109 584 3176 fuissem
601 3115 750 3164 Thessaliam
763 3124 852 3165 tecum
873 3111 1021 3183 petiissem,
1039 3127 1065 3164 et
1081 3102 1150 3174 soei,
1168 3130 1327 3180 quoecumque

253 3207 297 3255 est,
305 3191 348 3245 vel
356 3191 525 3264 oppidulum,
533 3194 576 3245 vel
587 3197 669 3246 urbem
680 3197 790 3262 hospitis.
801 3194 845 3249 Sic
855 3195 943 3246 omnia
953 3195 1062 3267 quidem
1072 3196 1138 3250 bene
1146 3213 1230 3259 nexs;
1242 3195 1327 3248 leteor

253 3287 361 3338 tamen,
374 3286 459 3328 totum
475 3277 564 3330 locum
577 3275 638 3330 ideo
652 3279 706 3330 non
719 3277 839 3349 placere,
850 3276 924 3349 quod
937 3277 1026 3352 regins
1046 3297 1129 3351 eaque
1143 3276 1282 3350 grandem
1295 3296 1327 3332 ex

255 3358 337 3412 animi
350 3359 478 3412 sententis
491 3360 552 3413 telin
564 3361 682 3432 profiteri
694 3359 818 3415 vixeredi
828 3371 918 3433 quest.
930 3387 943 3407 ι·

291 3447 364 3494 Nune
373 3441 483 3498 omnino
496 3444 673 3498 retinendum.
692 3447 786 3496 Fur'sser
797 3464 847 3518 pro
858 3449 948 3515 ssrer:
967 3445 1003 3498 sic
1017 3463 1083 3517 sepe
1094 3457 1212 3518 tempora
1226 3455 1328 3498 mutant

254 3535 357 3596 poeto,
368 3543 417 3579 nco
430 3527 546 3600 syntaxis
556 3546 658 3599 semper
671 3529 791 3581 meminit
806 3528 918 3582 allectus
929 3546 938 3591 ς
950 3539 1077 3601 proterea
1089 3549 1153 3581 nunc
1164 3547 1225 3582 cum
1240 3531 1329 3582 iremus

254 3617 310 3660 tarn
326 3620 387 3681 epte
405 3611 591 3682 conjungitur,
600 3623 630 3664 nt
639 3649 647 3674 ,
657 3611 679 3664 si
691 3611 793 3665 abesset
801 3653 808 3679 ,
816 3612 907 3667 deesse
919 3611 1063 3666 videretur.

291 3776 324 3826 V.
339 3771 395 3825 188.
406 3775 476 3824 Illius
486 3776 582 3824 adversi
594 3793 658 3824 nunc
670 3794 717 3824 oro
726 3789 838 3841 petamus
849 3788 875 3824 et
885 3776 994 3834 rendam,

408 3859 468 3920 Quoe
478 3859 544 3908 latus
553 3861 580 3907 in
593 3861 678 3908 loevum
687 3861 761 3924 ponti
773 3860 848 3908 cadit.

256 3975 293 4027 ux
311 3969 439 4028 colmids
450 3991 543 4027 versus
557 3975 677 4048 Cyaneas
689 3975 873 4048 navigantibus
885 3993 969 4046 quum
984 3976 1051 4028 Ister
1064 3975 1100 4030 sd
1112 3975 1232 4029 dextram
1248 3987 1331 4040 esset,

256 4067 326 4110 recte
349 4067 426 4129 putat
450 4057 634 4126 Burmannus,
655 4077 735 4131 quem
760 4059 880 4130 sequitur
899 4069 925 4110 et
943 4059 1008 4112 citat
1026 4060 1192 4131 Wagnerus,
1212 4059 1330 4114 hicnon

258 4138 353 4212 respici
367 4138 448 4194 situm
460 4141 536 4196 navis
549 4153 595 4195 aut
606 4143 834 4214 Argonautarum,
849 4140 894 4195 sed
913 4161 944 4194 ex
959 4143 1093 4196 communi
1112 4162 1187 4198 more
1205 4144 1332 4217 loquendi
