3006 4676
227 375 292 450 ,ιι
344 369 395 434 ut
422 370 510 436 tm.
536 353 768 435 ocultum
790 370 1185 440 Auooutumcort

260 513 295 565 V.
306 532 349 590 9⁰·
361 515 409 564 Ceu
419 514 521 584 refluum
534 513 633 572 Padus,
642 526 688 562 aut
698 525 788 580 septem
794 515 921 581 prosumus
933 516 959 564 ira
969 533 1052 565 armes

367 598 455 656 Nilus,
467 609 491 650 ot
502 597 644 662 emperiam
654 599 755 648 omina
765 599 873 665 Alpicos
883 601 908 648 in
918 602 1009 650 oriem.

225 735 267 791 Sic
276 733 449 804 Wagnerua:
465 717 568 785 &Haud
580 743 676 804 parum
689 730 855 786 desudarunt
868 735 896 786 iu
911 733 963 788 hoc
980 735 1041 788 loco
1056 735 1225 809 interpretes,
1239 737 1300 809 qai,

226 819 248 874 ci
260 819 340 872 verba
359 827 477 888 spectet,
490 815 558 868 nihil
578 813 724 870 admodum
744 815 909 872 difficultatis
929 817 1019 874 habet.
1040 819 1186 891 Comparat
1205 839 1301 891 nempe

225 903 367 956 draconem
387 911 538 972 porrectum
556 919 618 955 cum
635 901 721 954 tribua
738 901 843 970 fluviis,
859 920 975 974 quorum
988 903 1086 976 cuique
1103 903 1178 958 addit
1192 906 1300 977 partici-

224 990 298 1062 pium
311 1005 319 1040 :
334 989 437 1058 refluens
448 982 533 1036 Padus
542 1020 550 1047 ‚
557 988 682 1054 projectus
690 985 783 1053 Nilus,
793 988 895 1038 atent'ertt
904 985 1031 1058 Alpheae.
1048 987 1081 1040 Et
1094 991 1178 1040 Padus
1191 987 1301 1061 quidem

226 1075 329 1146 refluens
350 1081 388 1123 eat
405 1066 554 1136 exundant,
567 1069 637 1122 ultra
659 1069 732 1141 ripas
752 1069 869 1134 effusus,
883 1069 952 1123 nihil
969 1070 1092 1143 amplius.
1110 1061 1233 1138 Lucano,
1249 1073 1300 1127 lv,

228 1157 289 1220 134,
300 1166 338 1206 eat
347 1167 480 1221 sequaris,
489 1149 582 1204 eodem
592 1170 690 1220 renau3
701 1153 773 1206 cons.
787 1149 906 1226 ejusdem
917 1153 1019 1208 Lucani
1027 1195 1035 1220 ‚
1043 1155 1092 1216 Vl,
1110 1174 1169 1226 aya.
1227 1159 1300 1208 Nilus

223 1240 361 1306 projectus,
376 1233 450 1307 quod
463 1214 569 1306 grdriua
586 1253 667 1308 quam
685 1249 840 1309 porrectus,
857 1237 918 1292 ideo
934 1249 1024 1292 tanen
1041 1257 1095 1292 non
1105 1240 1209 1312 placet,
1225 1240 1300 1314 qnod

225 1321 319 1374 eadem
329 1337 378 1372 vox
389 1317 479 1391 paullo
489 1331 557 1391 poet,
566 1337 591 1371 r.
603 1319 650 1388 93,
662 1320 790 1374 occurrit.
798 1361 805 1373 .
813 1324 967 1390 cuipiam
977 1325 1085 1384 amiens,
1096 1341 1128 1375 ex
1140 1321 1227 1389 Elide,
1235 1323 1299 1376 aub-

225 1419 266 1458 ter
285 1404 368 1458 maria
384 1401 432 1456 diu
445 1413 581 1475 terraeque
594 1402 750 1475 depressus,
770 1421 832 1457 cum
851 1403 980 1458 Arethusa
998 1401 1095 1458 deinde
1112 1403 1208 1462 Sicilia
1225 1405 1300 1461 fonte

226 1507 309 1562 aquae
323 1488 498 1552 consociam
523 1486 578 1542 vid.
596 1488 688 1542 Ovidii
704 1489 813 1542 Metam.
828 1489 876 1545 lib.
884 1490 920 1553 V,
939 1483 1101 1560 494·497‘et
1119 1491 1170 1558 57³
1191 1509 1230 1564 aq.
1250 1489 1300 1546 llis

228 1574 309 1646 igitur
321 1571 458 1626 attributis
470 1572 593 1626 omnibus
607 1571 819 1642 magnitudinem
836 1571 978 1626 duriorum
991 1572 1108 1626 indicare
1121 1572 1204 1627 voluit
1213 1586 1299 1644 poeta.

227 1660 259 1712 ln
272 1658 359 1712 verbis
374 1657 463 1729 itaque
471 1656 539 1710 nihil
551 1668 591 1711 cat
604 1655 769 1710 offendiculi.
784 1656 834 1711 Sed
847 1655 944 1710 vitium
956 1657 984 1710 in
999 1673 1031 1709 eo
1043 1667 1096 1723 eet,
1110 1657 1183 1730 quod
1201 1659 1299 1713 tenuia·

225 1745 292 1797 aimo
301 1743 349 1796 iilo
365 1743 479 1796 nectitur
495 1741 710 1795 antecedentibus
727 1741 908 1813 comparatio,
923 1753 949 1795 et
963 1759 1005 1794 ree
1024 1741 1205 1812 magnitudine
1219 1743 1299 1797 nimia

225 1828 335 1882 diversae
345 1869 353 1894 ‚
362 1831 446 1897 ingens
457 1829 574 1878 draconis
592 1829 687 1886 cmix,
701 1825 844 1897 magnique
862 1824 977 1877 ndminic
995 1823 1067 1877 fluvii
1085 1825 1153 1878 inter
1166 1843 1194 1878 ee
1209 1827 1299 1879 conle-

150 1929 154 1940 '
223 1925 328 1966 rantur.
339 1910 407 1977 Sed,
420 1909 458 1962 uti
470 1909 648 1970 Romaanus,
663 1920 689 1961 et
701 1909 803 1963 Erneat.
811 1909 840 1960 in
850 1909 917 1961 Disa.
929 1909 965 1972 ll,
976 1907 1012 1960 de
1023 1907 1178 1962 elocutionis
1194 1921 1298 1980 poetar.

224 1998 270 2051 lat.
285 1995 402 2061 luxurie,
414 2013 443 2066 p.
456 1995 501 2062 89,
518 2006 589 2045 recte
607 2004 782 2056 monuerunt,
793 1993 951 2052 obversatus
965 1991 1061 2044 Nostro
1075 2002 1114 2044 eat
1126 1992 1300 2064 Apollonius,

226 2078 406 2150 1v,151,qui
422 2077 566 2130 draconem
584 2076 619 2128 ait
636 2077 707 2129 mille
720 2075 875 2149 explicuisse
888 2075 983 2138 orbes,
999 2091 1053 2126 non
1071 2093 1145 2127 aecus
1160 2093 1191 2128 ac
1203 2074 1300 2128 fluctus

225 2177 281 2221 ater
292 2177 318 2218 et
326 2163 423 2219 surdus
432 2175 457 2216 ct
467 2160 612 2216 admodum
622 2162 737 2215 fremens
746 2163 773 2214 in
783 2181 889 2234 aequore
898 2179 994 2232 magno
1004 2179 1032 2212 se
1042 2161 1150 2214 volvens
1160 2182 1168 2225 ;
1178 2160 1216 2213 sic
1225 2159 1298 2214 euim

223 2247 341 2318 intelligo
358 2246 470 2298 Graeca:
486 2244 575 2316 μήκννι
597 2241 627 2297 di
646 2247 721 2316 μυρία
736 2247 830 2304 κύκλα,
849 2237 905 2296 Olor
924 2245 963 2296 ὅτε
984 2245 1109 2314 βληχροῖσι
1129 2238 1298 2313 κυλινδόμενον

224 2331 362 2400 πελάγεσσι
377 2333 455 2398 Κῦμιι
471 2328 562 2394 μέλαν,
580 2327 657 2394 κωφόν
672 2346 700 2377 τι
721 2325 762 2377 aui
781 2321 895 2392 dipopcr.
911 2319 974 2372 Haec
986 2320 1109 2373 Valerius
1122 2336 1197 2374 more
1211 2321 1300 2374 imita-

224 2423 314 2464 torum
330 2410 412 2480 magis
424 2423 550 2460 exornare
560 2415 586 2458 at
597 2405 753 2459 calamistris
762 2405 869 2457 inurere
880 2401 930 2454 tibi
940 2405 1011 2455 visua
1022 2416 1062 2456 eet
1073 2429 1094 2454 ν.

260 2495 370 2564 Ιιεβιιεηι
385 2489 481 2544 dicitur
498 2487 532 2541 de
543 2489 652 2542 flumine
666 2489 693 2540 iu
707 2489 830 2550 alveum,
845 2499 905 2559 post
921 2485 1125 2540 exundationem
1139 2527 1147 2552 ,
1160 2506 1188 2541 nc
1203 2505 1298 2540 recou-

225 2577 304 2632 dente
315 2595 322 2639 ;
334 2576 371 2629 aio
380 2575 454 2646 Virg.
467 2578 527 2626 AEn.
538 2569 617 2638 VIII,
626 2573 662 2624 '86
675 2592 680 2624 :

363 2712 439 2760 Tibris
450 2711 596 2765 eadurinm,
608 2725 678 2770 quam
690 2711 760 2770 longa
771 2719 819 2759 eat.
832 2719 900 2754 nocto
906 2717 1037 2754 tumentem

366 2785 454 2842 leniit,
468 2795 492 2832 et
501 2783 571 2832 tacita
582 2785 678 2847 refluens
688 2783 720 2829 ita
732 2783 835 2831 substitit
846 2783 917 2829 unda.
953 2833 954 2836 Ἰ

151 2979 153 2984 .
227 2926 461 2992 ld.lt·“n.1x,32:

373 3080 393 3111 .·
404 3097 597 3112 .............
613 3071 653 3108 aut
661 3061 745 3123 pingui
755 3061 850 3106 flumine
863 3057 943 3114 Nilus,

365 3139 444 3196 Quum
455 3137 527 3200 rfiuit
535 3135 634 3197 eampis,
645 3145 668 3182 et
677 3137 726 3197 jam
736 3133 877 3182 recondidit
887 3135 962 3182 alveo.

227 3257 337 3326 lteylrrens
348 3272 417 3304 more
425 3251 499 3324 apud
511 3249 578 3302 Plin.
590 3251 629 3313 11,
643 3267 689 3320 97,
703 3247 833 3318 significat
846 3264 932 3300 testum
943 3254 1019 3303 moris
1033 3254 1197 3306 decedentem.
1211 3253 1298 3306 lucus

226 3337 371 3411 Apollonii,
380 3335 415 3390 de
423 3335 645 3408 quoWagnerua‚
655 3331 758 3404 aliquid
766 3332 847 3386 habet
854 3333 964 3404 quidem
971 3335 1073 3401 simile,
1081 3336 1128 3389 aed
1141 3337 1220 3390 alian
1229 3355 1297 3410 prte-

226 3419 272 3472 bet
288 3417 441 3488 imaginem.
460 3415 538 3467 Errat
548 3414 704 3484 Wagnerus
722 3411 751 3466 in
770 3431 848 3468 aenou
868 3415 940 3468 vocis
954 3415 1075 3488 ἄΰρομιν,
1090 3434 1149 3488 que
1167 3417 1299 3488 signifieat

226 3502 279 3556 hoo
292 3502 368 3566 loco,
381 3503 433 3554 cirre
453 3500 563 3566 strepitu.
583 3497 675 3568 Neque
695 3495 767 3548 enim
786 3499 909 3550 convenit
928 3499 1052 3571 strepitus
1068 3517 1130 3551 cum
1143 3518 1247 3553 wmno.

263 3587 394 3658 Alpheum
406 3593 498 3636 auctor
509 3581 644 3646 nominat,
653 3581 689 3634 ob
698 3599 790 3634 curcua
801 3580 1004 3653 longitudinem,
1015 3582 1158 3654 respicient
1169 3581 1205 3636 ad
1214 3581 1299 3654 longi-

228 3671 348 3726 tudinem
371 3667 433 3721 colli
450 3664 587 3728 draconis,
610 3663 717 3736 quoda
740 3665 836 3718 vellere
855 3664 883 3718 ri
896 3665 984 3718 comni
1001 3664 1038 3718 aio
1051 3665 1185 3720 recederet
1208 3669 1299 3734 (atque

218 3750 312 3823 'ingens
338 3765 412 3801 extra
432 3769 478 3800 sua
501 3752 595 3800 vellera
619 3751 731 3816 cervix),
759 3760 788 3801 ut
806 3752 948 3816 Hesperium
971 3751 1072 3800 veniens
1090 3752 1197 3818 Alpheos
1216 3753 1241 3800 iu
1262 3771 1299 3800 or·

228 3843 288 3890 bem.
302 3838 362 3888 Non
379 3845 467 3887 tamen
481 3832 539 3885 htac
556 3832 658 3904 singula
680 3829 852 3904 premendum
871 3843 924 3884 est:
945 3831 1054 3884 satiauit
1072 3823 1298 3906 comparationem

227 3921 255 3973 iu
267 3917 421 3971 universum
431 3926 559 3969 cunctare.

264 4055 299 4106 V.
313 4073 357 4123 9²·
372 4061 431 4122 Ipso
442 4067 516 4120 caput
526 4055 579 4104 curi
583 4069 716 4121 postquam
729 4056 818 4103 Medea
829 4054 943 4130 droconis

373 4139 440 4187 Vidit
448 4139 595 4205 luctificis
610 4140 700 4188 circum
711 4141 822 4204 profecto
837 4137 942 4185 dicatis.
