<?xml version="1.0" encoding="UTF-8"?>
<!DOCTYPE html PUBLIC "-//W3C//DTD XHTML 1.0 Transitional//EN"
    "http://www.w3.org/TR/xhtml1/DTD/xhtml1-transitional.dtd">
<html xmlns="http://www.w3.org/1999/xhtml" xml:lang="en" lang="en">
 <head>
  <title>
</title>
<meta http-equiv="Content-Type" content="text/html;charset=utf-8" />
  <meta name='ocr-system' content='tesseract 3.04.00' />
  <meta name='ocr-capabilities' content='ocr_page ocr_carea ocr_par ocr_line ocrx_word'/>
</head>
<body>
  <div class='ocr_page' id='page_1' title='image "./cvaleriiflaccis02apolgoog_0235.png"; bbox 0 0 3006 4676; ppageno 0'>
   <div class='ocr_carea' id='block_1_1' title="bbox 415 400 1250 490">
    <p class='ocr_par' dir='ltr' id='par_1_1' title="bbox 415 400 1250 490">
     <span class='ocr_line' id='line_1_1' title="bbox 415 400 1250 490; baseline 0 -24"><span class='ocrx_word' id='word_1_1' title='bbox 415 401 824 480; x_wconf 75' lang='lat' dir='ltr'><strong>ARGONAUTlCON,</strong></span> <span class='ocrx_word' id='word_1_2' title='bbox 848 400 933 465; x_wconf 91' lang='lat' dir='ltr'><strong>LlB.</strong></span> <span class='ocrx_word' id='word_1_3' title='bbox 958 401 1020 464; x_wconf 87' lang='lat' dir='ltr'><strong>tx.</strong></span> <span class='ocrx_word' id='word_1_4' title='bbox 1188 426 1250 490; x_wconf 82' lang='lat'><strong>229</strong></span> 
     </span>
    </p>
   </div>
   <div class='ocr_carea' id='block_1_2' title="bbox 217 533 1249 4077">
    <p class='ocr_par' dir='ltr' id='par_1_2' title="bbox 222 533 1249 854">
     <span class='ocr_line' id='line_1_2' title="bbox 223 533 1089 600; baseline -0.003 -1"><span class='ocrx_word' id='word_1_5' title='bbox 223 533 394 600; x_wconf 78' lang='lat' dir='ltr'>Montibus</span> <span class='ocrx_word' id='word_1_6' title='bbox 411 533 445 598; x_wconf 90' lang='lat' dir='ltr'><strong>in</strong></span> <span class='ocrx_word' id='word_1_7' title='bbox 463 533 577 598; x_wconf 90' lang='lat' dir='ltr'><strong>celsis:</strong></span> <span class='ocrx_word' id='word_1_8' title='bbox 595 533 653 598; x_wconf 93' lang='lat' dir='ltr'><strong>ubi</strong></span> <span class='ocrx_word' id='word_1_9' title='bbox 666 549 755 598; x_wconf 78' lang='lat' dir='ltr'><strong>vasta</strong></span> <span class='ocrx_word' id='word_1_10' title='bbox 774 533 928 598; x_wconf 75' lang='lat' dir='ltr'>Ceraunia</span> <span class='ocrx_word' id='word_1_11' title='bbox 946 535 981 598; x_wconf 91' lang='lat' dir='ltr'><strong>in</strong></span> <span class='ocrx_word' id='word_1_12' title='bbox 997 535 1089 598; x_wconf 79' lang='lat' dir='ltr'><strong>astris</strong></span> 
     </span>
     <span class='ocr_line' id='line_1_3' title="bbox 222 648 1049 761; baseline -0.002 -47"><span class='ocrx_word' id='word_1_13' title='bbox 222 651 430 739; x_wconf 82' lang='lat' dir='ltr'><strong>Erumpunt,</strong></span> <span class='ocrx_word' id='word_1_14' title='bbox 445 648 572 714; x_wconf 84' lang='lat' dir='ltr'><strong>flamma</strong></span> <span class='ocrx_word' id='word_1_15' title='bbox 591 649 676 714; x_wconf 83' lang='lat' dir='ltr'><strong>lovis</strong></span> <span class='ocrx_word' id='word_1_16' title='bbox 694 651 848 739; x_wconf 77' lang='lat' dir='ltr'><strong>exagitata</strong></span> <span class='ocrx_word' id='word_1_17' title='bbox 864 649 1049 761; x_wconf 73' lang='lat' dir='ltr'><strong>freqqcnti:</strong></span> 
     </span>
     <span class='ocr_line' id='line_1_4' title="bbox 225 753 1249 854; baseline 0.002 -26"><span class='ocrx_word' id='word_1_18' title='bbox 225 764 320 830; x_wconf 85' lang='lat' dir='ltr'><strong>Unde</strong></span> <span class='ocrx_word' id='word_1_19' title='bbox 338 764 449 830; x_wconf 87' lang='lat' dir='ltr'><strong>datum</strong></span> <span class='ocrx_word' id='word_1_20' title='bbox 468 780 563 830; x_wconf 69' lang='lat' dir='ltr'><strong>vaste</strong></span> <span class='ocrx_word' id='word_1_21' title='bbox 579 767 653 853; x_wconf 87' lang='lat' dir='ltr'><strong>rupi</strong></span> <span class='ocrx_word' id='word_1_22' title='bbox 670 787 729 854; x_wconf 88' lang='lat' dir='ltr'><strong>per</strong></span> <span class='ocrx_word' id='word_1_23' title='bbox 745 766 859 830; x_wconf 71' lang='lat' dir='ltr'><strong>secula</strong></span> <span class='ocrx_word' id='word_1_24' title='bbox 880 787 1014 830; x_wconf 89' lang='lat' dir='ltr'><strong>nomen.</strong></span> <span class='ocrx_word' id='word_1_25' title='bbox 1194 753 1198 762; x_wconf 72' lang='grc'><strong>’</strong></span> <span class='ocrx_word' id='word_1_26' title='bbox 1225 783 1249 821; x_wconf 78' lang='lat'><strong>⁵⁵</strong></span> 
     </span>
    </p>

    <p class='ocr_par' dir='ltr' id='par_1_3' title="bbox 219 881 1248 2124">
     <span class='ocr_line' id='line_1_5' title="bbox 268 881 1204 972; baseline 0 -27"><span class='ocrx_word' id='word_1_27' title='bbox 268 882 382 965; x_wconf 88' lang='lat' dir='ltr'><strong>Quum</strong></span> <span class='ocrx_word' id='word_1_28' title='bbox 398 881 542 970; x_wconf 89' lang='lat' dir='ltr'><strong>primum</strong></span> <span class='ocrx_word' id='word_1_29' title='bbox 559 883 730 972; x_wconf 80' lang='lat' dir='ltr'><strong>peregrina</strong></span> <span class='ocrx_word' id='word_1_30' title='bbox 746 903 837 946; x_wconf 78' lang='lat' dir='ltr'><strong>novae</strong></span> <span class='ocrx_word' id='word_1_31' title='bbox 853 903 969 947; x_wconf 87' lang='lat' dir='ltr'><strong>manus</strong></span> <span class='ocrx_word' id='word_1_32' title='bbox 984 881 1108 972; x_wconf 79' lang='lat' dir='ltr'><strong>appulit</strong></span> <span class='ocrx_word' id='word_1_33' title='bbox 1123 903 1204 962; x_wconf 82' lang='lat' dir='ltr'><strong>orte,</strong></span> 
     </span>
     <span class='ocr_line' id='line_1_6' title="bbox 223 997 958 1086; baseline 0 -25"><span class='ocrx_word' id='word_1_34' title='bbox 223 998 377 1062; x_wconf 85' lang='lat' dir='ltr'><strong>Certatim</strong></span> <span class='ocrx_word' id='word_1_35' title='bbox 396 997 495 1062; x_wconf 82' lang='lat' dir='ltr'>nectit</span> <span class='ocrx_word' id='word_1_36' title='bbox 511 997 656 1086; x_wconf 85' lang='lat' dir='ltr'><strong>gaudens</strong></span> <span class='ocrx_word' id='word_1_37' title='bbox 673 999 848 1063; x_wconf 83' lang='lat' dir='ltr'><strong>retinacula</strong></span> <span class='ocrx_word' id='word_1_38' title='bbox 866 1013 958 1062; x_wconf 78' lang='lat' dir='ltr'><strong>terrae</strong></span> 
     </span>
     <span class='ocr_line' id='line_1_7' title="bbox 222 1112 1083 1203; baseline 0 -27"><span class='ocrx_word' id='word_1_39' title='bbox 222 1112 363 1201; x_wconf 85' lang='lat' dir='ltr'><strong>Hylleae,</strong></span> <span class='ocrx_word' id='word_1_40' title='bbox 379 1135 444 1203; x_wconf 90' lang='lat' dir='ltr'><strong>qua</strong></span> <span class='ocrx_word' id='word_1_41' title='bbox 461 1114 549 1202; x_wconf 83' lang='lat' dir='ltr'><strong>pube</strong></span> <span class='ocrx_word' id='word_1_42' title='bbox 565 1113 718 1202; x_wconf 81' lang='lat' dir='ltr'><strong>frequens</strong></span> <span class='ocrx_word' id='word_1_43' title='bbox 736 1115 955 1203; x_wconf 79' lang='lat' dir='ltr'><strong>supereminet</strong></span> <span class='ocrx_word' id='word_1_44' title='bbox 971 1135 1083 1203; x_wconf 78' lang='lat' dir='ltr'><strong>aequor</strong></span> 
     </span>
     <span class='ocr_line' id='line_1_8' title="bbox 223 1227 1027 1317; baseline 0.001 -28"><span class='ocrx_word' id='word_1_45' title='bbox 223 1227 349 1309; x_wconf 80' lang='lat' dir='ltr'><strong>Insula5</strong></span> <span class='ocrx_word' id='word_1_46' title='bbox 369 1243 402 1292; x_wconf 89' lang='lat' dir='ltr'><strong>at</strong></span> <span class='ocrx_word' id='word_1_47' title='bbox 417 1227 545 1317; x_wconf 84' lang='lat' dir='ltr'><strong>Hyllees</strong></span> <span class='ocrx_word' id='word_1_48' title='bbox 561 1228 767 1292; x_wconf 85' lang='lat' dir='ltr'><strong>venientibus</strong></span> <span class='ocrx_word' id='word_1_49' title='bbox 787 1229 881 1293; x_wconf 82' lang='lat' dir='ltr'><strong>obvia</strong></span> <span class='ocrx_word' id='word_1_50' title='bbox 897 1227 1027 1293; x_wconf 85' lang='lat' dir='ltr'>Colchis</span> 
     </span>
     <span class='ocr_line' id='line_1_9' title="bbox 221 1343 1248 1434; baseline -0.003 -27"><span class='ocrx_word' id='word_1_51' title='bbox 221 1343 319 1432; x_wconf 88' lang='lat' dir='ltr'><strong>Signa</strong></span> <span class='ocrx_word' id='word_1_52' title='bbox 334 1343 444 1408; x_wconf 85' lang='lat' dir='ltr'><strong>ferunt</strong></span> <span class='ocrx_word' id='word_1_53' title='bbox 459 1346 611 1434; x_wconf 78' lang='lat' dir='ltr'><strong>pacisque</strong></span> <span class='ocrx_word' id='word_1_54' title='bbox 630 1361 741 1410; x_wconf 87' lang='lat' dir='ltr'><strong>notas:</strong></span> <span class='ocrx_word' id='word_1_55' title='bbox 759 1345 801 1409; x_wconf 93' lang='lat' dir='ltr'><strong>ab</strong></span> <span class='ocrx_word' id='word_1_56' title='bbox 817 1345 967 1434; x_wconf 84' lang='lat' dir='ltr'><strong>Apolline</strong></span> <span class='ocrx_word' id='word_1_57' title='bbox 988 1343 1093 1424; x_wconf 86' lang='lat' dir='ltr'><strong>dona,</strong></span> <span class='ocrx_word' id='word_1_58' title='bbox 1222 1369 1248 1404; x_wconf 71' lang='lat' dir='ltr'><strong>tu</strong></span> 
     </span>
     <span class='ocr_line' id='line_1_10' title="bbox 222 1439 1082 1548; baseline 0 -27"><span class='ocrx_word' id='word_1_59' title='bbox 222 1458 334 1541; x_wconf 91' lang='lat' dir='ltr'><strong>Quum</strong></span> <span class='ocrx_word' id='word_1_60' title='bbox 350 1458 435 1548; x_wconf 85' lang='lat' dir='ltr'><strong>leget</strong></span> <span class='ocrx_word' id='word_1_61' title='bbox 452 1459 508 1523; x_wconf 83' lang='lat' dir='ltr'><strong>has</strong></span> <span class='ocrx_word' id='word_1_62' title='bbox 525 1482 615 1540; x_wconf 90' lang='lat' dir='ltr'><strong>oras,</strong></span> <span class='ocrx_word' id='word_1_63' title='bbox 637 1475 735 1547; x_wconf 90' lang='lat' dir='ltr'><strong>atque</strong></span> <span class='ocrx_word' id='word_1_64' title='bbox 754 1461 816 1524; x_wconf 85' lang='lat' dir='ltr'><strong>alta</strong></span> <span class='ocrx_word' id='word_1_65' title='bbox 832 1459 951 1524; x_wconf 76' lang='lat' dir='ltr'><strong>secabit</strong></span> <span class='ocrx_word' id='word_1_66' title='bbox 969 1439 1082 1540; x_wconf 86' lang='lat' dir='ltr'><strong>lason,</strong></span> 
     </span>
     <span class='ocr_line' id='line_1_11' title="bbox 220 1571 1006 1662; baseline -0.003 -25"><span class='ocrx_word' id='word_1_67' title='bbox 220 1573 343 1637; x_wconf 78' lang='lat' dir='ltr'><strong>Fatales</strong></span> <span class='ocrx_word' id='word_1_68' title='bbox 359 1571 502 1662; x_wconf 86' lang='lat' dir='ltr'><strong>tripodes</strong></span> <span class='ocrx_word' id='word_1_69' title='bbox 519 1590 603 1638; x_wconf 86' lang='lat' dir='ltr'><strong>terra</strong></span> <span class='ocrx_word' id='word_1_70' title='bbox 622 1595 830 1662; x_wconf 87' lang='lat' dir='ltr'><strong>quacumque</strong></span> <span class='ocrx_word' id='word_1_71' title='bbox 848 1573 1006 1654; x_wconf 86' lang='lat' dir='ltr'><strong>locentur,</strong></span> 
     </span>
     <span class='ocr_line' id='line_1_12' title="bbox 223 1686 1003 1778; baseline 0 -28"><span class='ocrx_word' id='word_1_72' title='bbox 223 1686 275 1751; x_wconf 79' lang='lat' dir='ltr'><strong>sie</strong></span> <span class='ocrx_word' id='word_1_73' title='bbox 293 1687 399 1752; x_wconf 88' lang='lat' dir='ltr'><strong>Clario</strong></span> <span class='ocrx_word' id='word_1_74' title='bbox 416 1687 559 1754; x_wconf 84' lang='lat' dir='ltr'><strong>dictante</strong></span> <span class='ocrx_word' id='word_1_75' title='bbox 574 1688 654 1772; x_wconf 90' lang='lat' dir='ltr'><strong>deo,</strong></span> <span class='ocrx_word' id='word_1_76' title='bbox 669 1711 837 1778; x_wconf 85' lang='lat' dir='ltr'><strong>possessor</strong></span> <span class='ocrx_word' id='word_1_77' title='bbox 852 1688 892 1754; x_wconf 94' lang='lat' dir='ltr'><strong>ab</strong></span> <span class='ocrx_word' id='word_1_78' title='bbox 910 1688 1003 1753; x_wconf 88' lang='lat' dir='ltr'><strong>hoste</strong></span> 
     </span>
     <span class='ocr_line' id='line_1_13' title="bbox 220 1803 1058 1892; baseline 0.002 -29"><span class='ocrx_word' id='word_1_79' title='bbox 220 1803 377 1867; x_wconf 85' lang='lat' dir='ltr'><strong>Vincetur</strong></span> <span class='ocrx_word' id='word_1_80' title='bbox 395 1825 574 1892; x_wconf 87' lang='lat' dir='ltr'><strong>nunquam.</strong></span> <span class='ocrx_word' id='word_1_81' title='bbox 593 1805 682 1887; x_wconf 88' lang='lat' dir='ltr'><strong>Quin</strong></span> <span class='ocrx_word' id='word_1_82' title='bbox 701 1805 815 1869; x_wconf 83' lang='lat' dir='ltr'><strong>Phoebi</strong></span> <span class='ocrx_word' id='word_1_83' title='bbox 832 1825 968 1868; x_wconf 87' lang='lat' dir='ltr'><strong>munere</strong></span> <span class='ocrx_word' id='word_1_84' title='bbox 984 1803 1058 1867; x_wconf 84' lang='lat' dir='ltr'><strong>felix</strong></span> 
     </span>
     <span class='ocr_line' id='line_1_14' title="bbox 219 1917 1012 2008; baseline 0.001 -28"><span class='ocrx_word' id='word_1_85' title='bbox 219 1917 318 1981; x_wconf 90' lang='lat' dir='ltr'><strong>Nunc</strong></span> <span class='ocrx_word' id='word_1_86' title='bbox 333 1919 429 1986; x_wconf 89' lang='lat' dir='ltr'><strong>etiam</strong></span> <span class='ocrx_word' id='word_1_87' title='bbox 446 1917 571 1984; x_wconf 86' lang='lat' dir='ltr'><strong>diversa</strong></span> <span class='ocrx_word' id='word_1_88' title='bbox 590 1921 680 2003; x_wconf 88' lang='lat' dir='ltr'><strong>latet,</strong></span> <span class='ocrx_word' id='word_1_89' title='bbox 698 1921 884 2008; x_wconf 78' lang='lat' dir='ltr'><strong>fruiturque</strong></span> <span class='ocrx_word' id='word_1_90' title='bbox 900 1939 1012 1983; x_wconf 86' lang='lat' dir='ltr'><strong>serena</strong></span> 
     </span>
     <span class='ocr_line' id='line_1_15' title="bbox 219 2031 1001 2124; baseline -0.001 -28"><span class='ocrx_word' id='word_1_91' title='bbox 219 2031 300 2096; x_wconf 88' lang='lat' dir='ltr'><strong>Pace</strong></span> <span class='ocrx_word' id='word_1_92' title='bbox 318 2033 405 2098; x_wconf 84' lang='lat' dir='ltr'><strong>ferax</strong></span> <span class='ocrx_word' id='word_1_93' title='bbox 421 2035 530 2124; x_wconf 84' lang='lat' dir='ltr'><strong>regio,</strong></span> <span class='ocrx_word' id='word_1_94' title='bbox 554 2035 746 2099; x_wconf 84' lang='lat' dir='ltr'><strong>mortalibus</strong></span> <span class='ocrx_word' id='word_1_95' title='bbox 764 2036 848 2098; x_wconf 85' lang='lat' dir='ltr'><strong>invia</strong></span> <span class='ocrx_word' id='word_1_96' title='bbox 866 2035 1001 2099; x_wconf 88' lang='lat' dir='ltr'><strong>cunctis.</strong></span> 
     </span>
    </p>

    <p class='ocr_par' dir='ltr' id='par_1_4' title="bbox 219 2146 1156 2352">
     <span class='ocr_line' id='line_1_16' title="bbox 219 2146 1156 2240; baseline -0.003 -30"><span class='ocrx_word' id='word_1_97' title='bbox 219 2146 293 2210; x_wconf 88' lang='lat' dir='ltr'><strong>Non</strong></span> <span class='ocrx_word' id='word_1_98' title='bbox 311 2148 443 2236; x_wconf 87' lang='lat' dir='ltr'><strong>Hyllum</strong></span> <span class='ocrx_word' id='word_1_99' title='bbox 460 2171 568 2240; x_wconf 86' lang='lat' dir='ltr'><strong>regern</strong></span> <span class='ocrx_word' id='word_1_100' title='bbox 586 2151 773 2232; x_wconf 81' lang='lat' dir='ltr'><strong>inveniunt,</strong></span> <span class='ocrx_word' id='word_1_101' title='bbox 793 2171 891 2238; x_wconf 84' lang='lat' dir='ltr'><strong>quern</strong></span> <span class='ocrx_word' id='word_1_102' title='bbox 908 2148 1017 2237; x_wconf 84' lang='lat' dir='ltr'><strong>AEgeis</strong></span> <span class='ocrx_word' id='word_1_103' title='bbox 1036 2146 1156 2210; x_wconf 86' lang='lat' dir='ltr'><strong>amanti</strong></span> 
     </span>
     <span class='ocr_line' id='line_1_17' title="bbox 219 2243 903 2352; baseline 0.004 -27"><span class='ocrx_word' id='word_1_104' title='bbox 219 2261 336 2326; x_wconf 79' lang='lat' dir='ltr'><strong>Alcidae</strong></span> <span class='ocrx_word' id='word_1_105' title='bbox 352 2263 478 2352; x_wconf 86' lang='lat' dir='ltr'><strong>peperit</strong></span> <span class='ocrx_word' id='word_1_106' title='bbox 493 2264 603 2328; x_wconf 89' lang='lat' dir='ltr'><strong>Melite</strong></span> <span class='ocrx_word' id='word_1_107' title='bbox 618 2265 785 2330; x_wconf 87' lang='lat' dir='ltr'><strong>Phaeacide</strong></span> <span class='ocrx_word' id='word_1_108' title='bbox 802 2243 903 2344; x_wconf 73' lang='lat' dir='ltr'><strong>terra,</strong></span> 
     </span>
    </p>

    <p class='ocr_par' dir='ltr' id='par_1_5' title="bbox 217 2378 1167 3042">
     <span class='ocr_line' id='line_1_18' title="bbox 218 2378 1053 2470; baseline -0.001 -29"><span class='ocrx_word' id='word_1_109' title='bbox 218 2379 276 2442; x_wconf 93' lang='lat' dir='ltr'><strong>Cui</strong></span> <span class='ocrx_word' id='word_1_110' title='bbox 292 2378 425 2444; x_wconf 85' lang='lat' dir='ltr'><strong>vixdum</strong></span> <span class='ocrx_word' id='word_1_111' title='bbox 441 2380 586 2467; x_wconf 91' lang='lat' dir='ltr'><strong>pubente</strong></span> <span class='ocrx_word' id='word_1_112' title='bbox 605 2403 688 2470; x_wconf 90' lang='lat' dir='ltr'><strong>gena</strong></span> <span class='ocrx_word' id='word_1_113' title='bbox 703 2381 788 2444; x_wconf 86' lang='lat' dir='ltr'><strong>culta</strong></span> <span class='ocrx_word' id='word_1_114' title='bbox 804 2381 909 2444; x_wconf 87' lang='lat' dir='ltr'><strong>insula</strong></span> <span class='ocrx_word' id='word_1_115' title='bbox 926 2378 1053 2444; x_wconf 86' lang='lat' dir='ltr'><strong>sordet:</strong></span> 
     </span>
     <span class='ocr_line' id='line_1_19' title="bbox 220 2493 1017 2585; baseline 0.001 -30"><span class='ocrx_word' id='word_1_116' title='bbox 220 2493 351 2582; x_wconf 91' lang='lat' dir='ltr'><strong>Quippe</strong></span> <span class='ocrx_word' id='word_1_117' title='bbox 368 2495 428 2558; x_wconf 89' lang='lat' dir='ltr'><strong>feri</strong></span> <span class='ocrx_word' id='word_1_118' title='bbox 446 2496 569 2584; x_wconf 85' lang='lat' dir='ltr'><strong>regitur</strong></span> <span class='ocrx_word' id='word_1_119' title='bbox 586 2497 647 2560; x_wconf 90' lang='lat' dir='ltr'><strong>sub</strong></span> <span class='ocrx_word' id='word_1_120' title='bbox 664 2513 749 2561; x_wconf 92' lang='lat' dir='ltr'><strong>nutu</strong></span> <span class='ocrx_word' id='word_1_121' title='bbox 766 2518 873 2585; x_wconf 87' lang='lat' dir='ltr'><strong>pressa</strong></span> <span class='ocrx_word' id='word_1_122' title='bbox 888 2495 1017 2583; x_wconf 85' lang='lat' dir='ltr'><strong>tyranni</strong></span> 
     </span>
     <span class='ocr_line' id='line_1_20' title="bbox 218 2607 1167 2699; baseline 0 -29"><span class='ocrx_word' id='word_1_123' title='bbox 218 2607 409 2690; x_wconf 81' lang='lat' dir='ltr'><strong>Nausithoi3</strong></span> <span class='ocrx_word' id='word_1_124' title='bbox 428 2631 517 2672; x_wconf 86' lang='lat' dir='ltr'><strong>mare</strong></span> <span class='ocrx_word' id='word_1_125' title='bbox 533 2610 589 2674; x_wconf 89' lang='lat' dir='ltr'><strong>sed</strong></span> <span class='ocrx_word' id='word_1_126' title='bbox 607 2611 754 2674; x_wconf 86' lang='lat' dir='ltr'><strong>Cronion</strong></span> <span class='ocrx_word' id='word_1_127' title='bbox 773 2613 967 2699; x_wconf 87' lang='lat' dir='ltr'><strong>penetravit,</strong></span> <span class='ocrx_word' id='word_1_128' title='bbox 986 2626 1084 2698; x_wconf 87' lang='lat' dir='ltr'><strong>agens</strong></span> <span class='ocrx_word' id='word_1_129' title='bbox 1104 2607 1167 2670; x_wconf 78' lang='lat' dir='ltr'><strong>fruc</strong></span> 
     </span>
     <span class='ocr_line' id='line_1_21' title="bbox 219 2719 1059 2812; baseline 0.002 -30"><span class='ocrx_word' id='word_1_130' title='bbox 219 2719 408 2812; x_wconf 77' lang='lat' dir='ltr'><strong>indigenam</strong></span> <span class='ocrx_word' id='word_1_131' title='bbox 425 2725 601 2811; x_wconf 88' lang='lat' dir='ltr'><strong>populum,</strong></span> <span class='ocrx_word' id='word_1_132' title='bbox 617 2739 649 2786; x_wconf 89' lang='lat' dir='ltr'><strong>et</strong></span> <span class='ocrx_word' id='word_1_133' title='bbox 666 2722 806 2787; x_wconf 81' lang='lat' dir='ltr'><strong>Phoeacis</strong></span> <span class='ocrx_word' id='word_1_134' title='bbox 823 2725 939 2787; x_wconf 90' lang='lat' dir='ltr'><strong>robora</strong></span> <span class='ocrx_word' id='word_1_135' title='bbox 959 2741 1059 2787; x_wconf 80' lang='lat' dir='ltr'><strong>terne.</strong></span> 
     </span>
     <span class='ocr_line' id='line_1_22' title="bbox 217 2835 1104 2928; baseline -0.002 -28"><span class='ocrx_word' id='word_1_136' title='bbox 217 2835 368 2901; x_wconf 89' lang='lat' dir='ltr'><strong>Succedit</strong></span> <span class='ocrx_word' id='word_1_137' title='bbox 384 2859 460 2901; x_wconf 83' lang='lat' dir='ltr'><strong>mox</strong></span> <span class='ocrx_word' id='word_1_138' title='bbox 477 2838 675 2919; x_wconf 88' lang='lat' dir='ltr'><strong>Nousithoo,</strong></span> <span class='ocrx_word' id='word_1_139' title='bbox 692 2861 790 2926; x_wconf 83' lang='lat' dir='ltr'><strong>quent</strong></span> <span class='ocrx_word' id='word_1_140' title='bbox 810 2839 990 2928; x_wconf 85' lang='lat' dir='ltr'><strong>agrestibus</strong></span> <span class='ocrx_word' id='word_1_141' title='bbox 1007 2839 1104 2900; x_wconf 85' lang='lat' dir='ltr'><strong>armis</strong></span> 
     </span>
     <span class='ocr_line' id='line_1_23' title="bbox 217 2951 1021 3042; baseline -0.002 -26"><span class='ocrx_word' id='word_1_142' title='bbox 217 2951 381 3017; x_wconf 85' lang='lat' dir='ltr'><strong>Mentores</strong></span> <span class='ocrx_word' id='word_1_143' title='bbox 398 2952 554 3017; x_wconf 91' lang='lat' dir='ltr'><strong>occidunt</strong></span> <span class='ocrx_word' id='word_1_144' title='bbox 569 2976 629 3041; x_wconf 86' lang='lat' dir='ltr'><strong>pro</strong></span> <span class='ocrx_word' id='word_1_145' title='bbox 646 2954 746 3042; x_wconf 88' lang='lat' dir='ltr'><strong>captis</strong></span> <span class='ocrx_word' id='word_1_146' title='bbox 761 2976 848 3017; x_wconf 87' lang='lat' dir='ltr'><strong>arma</strong></span> <span class='ocrx_word' id='word_1_147' title='bbox 864 2952 1021 3016; x_wconf 86' lang='lat' dir='ltr'><strong>ferentem</strong></span> 
     </span>
    </p>

    <p class='ocr_par' dir='ltr' id='par_1_6' title="bbox 218 3067 984 3156">
     <span class='ocr_line' id='line_1_24' title="bbox 218 3067 984 3156; baseline 0 -27"><span class='ocrx_word' id='word_1_148' title='bbox 218 3067 260 3129; x_wconf 91' lang='lat' dir='ltr'><strong>Et</strong></span> <span class='ocrx_word' id='word_1_149' title='bbox 276 3081 537 3156; x_wconf 82' lang='lat' dir='ltr'><strong>propugnantem</strong></span> <span class='ocrx_word' id='word_1_150' title='bbox 555 3069 645 3156; x_wconf 81' lang='lat' dir='ltr'><strong>regni</strong></span> <span class='ocrx_word' id='word_1_151' title='bbox 664 3089 721 3132; x_wconf 88' lang='lat' dir='ltr'><strong>sua</strong></span> <span class='ocrx_word' id='word_1_152' title='bbox 740 3068 812 3148; x_wconf 86' lang='lat' dir='ltr'><strong>jura</strong></span> <span class='ocrx_word' id='word_1_153' title='bbox 827 3067 984 3148; x_wconf 84' lang='lat' dir='ltr'><strong>juvencis.</strong></span> 
     </span>
    </p>

    <p class='ocr_par' dir='ltr' id='par_1_7' title="bbox 219 3180 1163 3501">
     <span class='ocr_line' id='line_1_25' title="bbox 261 3180 1029 3271; baseline 0 -27"><span class='ocrx_word' id='word_1_154' title='bbox 261 3181 366 3245; x_wconf 89' lang='lat' dir='ltr'><strong>Dicite</strong></span> <span class='ocrx_word' id='word_1_155' title='bbox 384 3180 544 3264; x_wconf 88' lang='lat' dir='ltr'><strong>Pierides,</strong></span> <span class='ocrx_word' id='word_1_156' title='bbox 561 3204 701 3270; x_wconf 89' lang='lat' dir='ltr'><strong>quanam</strong></span> <span class='ocrx_word' id='word_1_157' title='bbox 720 3185 845 3248; x_wconf 79' lang='lat' dir='ltr'><strong>ratione</strong></span> <span class='ocrx_word' id='word_1_158' title='bbox 864 3205 923 3271; x_wconf 88' lang='lat' dir='ltr'><strong>per</strong></span> <span class='ocrx_word' id='word_1_159' title='bbox 940 3203 1029 3244; x_wconf 78' lang='lat' dir='ltr'><strong>orant</strong></span> 
     </span>
     <span class='ocr_line' id='line_1_26' title="bbox 220 3295 1163 3387; baseline -0.003 -26"><span class='ocrx_word' id='word_1_160' title='bbox 220 3297 416 3376; x_wconf 87' lang='lat' dir='ltr'><strong>Ausoniam,</strong></span> <span class='ocrx_word' id='word_1_161' title='bbox 434 3312 618 3386; x_wconf 85' lang='lat' dir='ltr'><strong>terramque</strong></span> <span class='ocrx_word' id='word_1_162' title='bbox 636 3296 821 3387; x_wconf 83' lang='lat' dir='ltr'><strong>Ligustide,</strong></span> <span class='ocrx_word' id='word_1_163' title='bbox 843 3295 1028 3362; x_wconf 88' lang='lat' dir='ltr'><strong>Stoechades</strong></span> <span class='ocrx_word' id='word_1_164' title='bbox 1045 3313 1077 3360; x_wconf 85' lang='lat' dir='ltr'><strong>et</strong></span> <span class='ocrx_word' id='word_1_165' title='bbox 1091 3317 1163 3384; x_wconf 82' lang='lat' dir='ltr'><strong>quae</strong></span> 
     </span>
     <span class='ocr_line' id='line_1_27' title="bbox 219 3411 1005 3501; baseline 0.003 -27"><span class='ocrx_word' id='word_1_166' title='bbox 219 3411 394 3492; x_wconf 89' lang='lat' dir='ltr'><strong>Dicuntur,</strong></span> <span class='ocrx_word' id='word_1_167' title='bbox 411 3411 502 3500; x_wconf 88' lang='lat' dir='ltr'><strong>signa</strong></span> <span class='ocrx_word' id='word_1_168' title='bbox 521 3413 676 3501; x_wconf 71' lang='lat' dir='ltr'><strong>Argolicae</strong></span> <span class='ocrx_word' id='word_1_169' title='bbox 694 3414 759 3477; x_wconf 92' lang='lat' dir='ltr'><strong>sint</strong></span> <span class='ocrx_word' id='word_1_170' title='bbox 774 3429 860 3476; x_wconf 90' lang='lat' dir='ltr'><strong>certa</strong></span> <span class='ocrx_word' id='word_1_171' title='bbox 879 3413 1005 3476; x_wconf 87' lang='lat' dir='ltr'><strong>carinae.</strong></span> 
     </span>
    </p>

    <p class='ocr_par' dir='ltr' id='par_1_8' title="bbox 218 3524 1077 3845">
     <span class='ocr_line' id='line_1_28' title="bbox 218 3524 1008 3615; baseline 0.004 -28"><span class='ocrx_word' id='word_1_172' title='bbox 218 3525 303 3589; x_wconf 87' lang='lat' dir='ltr'><strong>Utile</strong></span> <span class='ocrx_word' id='word_1_173' title='bbox 319 3524 410 3613; x_wconf 91' lang='lat' dir='ltr'><strong>quod</strong></span> <span class='ocrx_word' id='word_1_174' title='bbox 427 3524 520 3592; x_wconf 81' lang='lat' dir='ltr'><strong>duxit</strong></span> <span class='ocrx_word' id='word_1_175' title='bbox 535 3527 681 3614; x_wconf 88' lang='lat' dir='ltr'><strong>Minyas,</strong></span> <span class='ocrx_word' id='word_1_176' title='bbox 697 3526 778 3614; x_wconf 91' lang='lat' dir='ltr'><strong>quid</strong></span> <span class='ocrx_word' id='word_1_177' title='bbox 793 3528 881 3591; x_wconf 89' lang='lat' dir='ltr'><strong>abire</strong></span> <span class='ocrx_word' id='word_1_178' title='bbox 902 3529 1008 3615; x_wconf 87' lang='lat' dir='ltr'><strong>coegit</strong></span> 
     </span>
     <span class='ocr_line' id='line_1_29' title="bbox 218 3639 1077 3731; baseline 0.002 -29"><span class='ocrx_word' id='word_1_179' title='bbox 218 3639 297 3702; x_wconf 87' lang='lat' dir='ltr'><strong>Tam</strong></span> <span class='ocrx_word' id='word_1_180' title='bbox 314 3641 412 3730; x_wconf 89' lang='lat' dir='ltr'><strong>longe</strong></span> <span class='ocrx_word' id='word_1_181' title='bbox 428 3641 462 3704; x_wconf 93' lang='lat' dir='ltr'><strong>in</strong></span> <span class='ocrx_word' id='word_1_182' title='bbox 479 3641 586 3706; x_wconf 89' lang='lat' dir='ltr'><strong>Latios</strong></span> <span class='ocrx_word' id='word_1_183' title='bbox 605 3641 704 3718; x_wconf 87' lang='lat' dir='ltr'><strong>fines,</strong></span> <span class='ocrx_word' id='word_1_184' title='bbox 730 3657 894 3731; x_wconf 85' lang='lat' dir='ltr'><strong>terrasque</strong></span> <span class='ocrx_word' id='word_1_185' title='bbox 912 3643 1077 3731; x_wconf 76' lang='lat' dir='ltr'><strong>repostas?</strong></span> 
     </span>
     <span class='ocr_line' id='line_1_30' title="bbox 218 3754 900 3845; baseline 0.004 -27"><span class='ocrx_word' id='word_1_186' title='bbox 218 3755 270 3818; x_wconf 85' lang='lat' dir='ltr'><strong>An</strong></span> <span class='ocrx_word' id='word_1_187' title='bbox 287 3754 374 3819; x_wconf 80' lang='lat' dir='ltr'><strong>lovis</strong></span> <span class='ocrx_word' id='word_1_188' title='bbox 390 3757 436 3820; x_wconf 86' lang='lat' dir='ltr'><strong>ira</strong></span> <span class='ocrx_word' id='word_1_189' title='bbox 453 3757 529 3821; x_wconf 81' lang='lat' dir='ltr'><strong>tulit</strong></span> <span class='ocrx_word' id='word_1_190' title='bbox 544 3755 669 3822; x_wconf 77' lang='lat' dir='ltr'><strong>foedatis</strong></span> <span class='ocrx_word' id='word_1_191' title='bbox 685 3758 823 3845; x_wconf 89' lang='lat' dir='ltr'><strong>turpiter</strong></span> <span class='ocrx_word' id='word_1_192' title='bbox 838 3759 900 3821; x_wconf 85' lang='lat' dir='ltr'><strong>aris</strong></span> 
     </span>
    </p>

    <p class='ocr_par' dir='ltr' id='par_1_9' title="bbox 218 3867 1099 4077">
     <span class='ocr_line' id='line_1_31' title="bbox 218 3867 1065 3962; baseline 0.005 -29"><span class='ocrx_word' id='word_1_193' title='bbox 218 3867 312 3933; x_wconf 82' lang='lat' dir='ltr'><strong>Caede</strong></span> <span class='ocrx_word' id='word_1_194' title='bbox 329 3868 421 3935; x_wconf 86' lang='lat' dir='ltr'><strong>ducis</strong></span> <span class='ocrx_word' id='word_1_195' title='bbox 435 3871 567 3953; x_wconf 88' lang='lat' dir='ltr'><strong>Colchi,</strong></span> <span class='ocrx_word' id='word_1_196' title='bbox 589 3889 688 3959; x_wconf 91' lang='lat' dir='ltr'><strong>atque</strong></span> <span class='ocrx_word' id='word_1_197' title='bbox 705 3869 793 3939; x_wconf 79' lang='lat' dir='ltr'><strong>AEeae</strong></span> <span class='ocrx_word' id='word_1_198' title='bbox 809 3875 943 3962; x_wconf 86' lang='lat' dir='ltr'><strong>virginis</strong></span> <span class='ocrx_word' id='word_1_199' title='bbox 961 3875 1065 3937; x_wconf 80' lang='lat' dir='ltr'><strong>ausu?</strong></span> 
     </span>
     <span class='ocr_line' id='line_1_32' title="bbox 219 3985 1099 4077; baseline 0.006 -30"><span class='ocrx_word' id='word_1_200' title='bbox 219 3985 269 4048; x_wconf 82' lang='lat' dir='ltr'><strong>An</strong></span> <span class='ocrx_word' id='word_1_201' title='bbox 287 3985 370 4049; x_wconf 84' lang='lat' dir='ltr'><strong>lavet</strong></span> <span class='ocrx_word' id='word_1_202' title='bbox 386 4001 423 4049; x_wconf 92' lang='lat' dir='ltr'><strong>ut</strong></span> <span class='ocrx_word' id='word_1_203' title='bbox 436 3985 588 4076; x_wconf 79' lang='lat' dir='ltr'><strong>Nympho</strong></span> <span class='ocrx_word' id='word_1_204' title='bbox 602 3988 771 4051; x_wconf 88' lang='lat' dir='ltr'><strong>commissa</strong></span> <span class='ocrx_word' id='word_1_205' title='bbox 786 3989 927 4077; x_wconf 85' lang='lat' dir='ltr'><strong>piaculo,</strong></span> <span class='ocrx_word' id='word_1_206' title='bbox 950 4006 1099 4077; x_wconf 85' lang='lat' dir='ltr'><strong>quaerunt</strong></span> 
     </span>
    </p>
   </div>
   <div class='ocr_carea' id='block_1_3' title="bbox 220 4095 910 4192">
    <p class='ocr_par' dir='ltr' id='par_1_10' title="bbox 220 4095 910 4192">
     <span class='ocr_line' id='line_1_33' title="bbox 220 4095 910 4192; baseline 0.006 -30"><span class='ocrx_word' id='word_1_207' title='bbox 220 4099 357 4182; x_wconf 85' lang='lat' dir='ltr'><strong>ltaliam,</strong></span> <span class='ocrx_word' id='word_1_208' title='bbox 375 4100 532 4190; x_wconf 85' lang='lat' dir='ltr'><strong>aedesque</strong></span> <span class='ocrx_word' id='word_1_209' title='bbox 548 4103 629 4184; x_wconf 81' lang='lat' dir='ltr'><strong>deoe,</strong></span> <span class='ocrx_word' id='word_1_210' title='bbox 648 4095 767 4167; x_wconf 85' lang='lat' dir='ltr'><strong>Circeia</strong></span> <span class='ocrx_word' id='word_1_211' title='bbox 788 4104 910 4192; x_wconf 80' lang='lat' dir='ltr'><strong>regna?</strong></span> 
     </span>
    </p>
   </div>
   <div class='ocr_carea' id='block_1_4' title="bbox 0 0 1508 4676">
    <p class='ocr_par' dir='ltr' id='par_1_11' title="bbox 0 0 1508 4676">
     <span class='ocr_line' id='line_1_34' title="bbox 0 0 1508 4676; baseline 0 1"><span class='ocrx_word' id='word_1_212' title='bbox 0 0 1508 4676; x_wconf 95' lang='lat' dir='ltr'><strong> </strong></span> 
     </span>
    </p>
   </div>
  </div>
 </body>
</html>
