3006 4676
190 379 192 384 ,
234 305 298 374 288
668 307 861 374 ORPHEI

217 421 220 435 ’
276 431 463 505 Accelerare
476 437 615 522 jubent,
638 440 831 531 Minyasque
846 438 988 505 insidere
1008 437 1163 503 transtris.

277 553 330 619 Ad
348 576 432 642 quos
449 569 521 621 tum
535 555 659 620 volucri
677 577 827 620 sermone
847 556 1004 644 loquutus
1018 554 1129 619 Iason:
1270 571 1310 610 τοο

322 667 428 751 «Vos,
443 668 504 750 ait,
518 667 660 736 illustres
675 692 844 757 proceres,
856 669 1011 736 advertite
1027 689 1191 756 tuamque

279 784 352 871 lpse
374 805 436 872 ego
455 806 508 848 me
529 783 632 848 nolim
652 806 761 875 regem
781 783 968 850 melioribus
987 801 1073 848 esse:

278 898 366 987 Ergo
382 897 498 962 ducem
515 920 756 987 quemcumque
770 900 897 964 animus
913 877 1108 988 persuaserit
1120 918 1207 961 unus

280 1013 430 1078 Prolcrte
449 1013 585 1098 heroes3
601 1015 648 1086 illi
662 1014 728 1080 sint
744 1015 854 1079 omnia
867 1037 971 1097 curre,

281 1125 349 1210 Qui
366 1128 465 1194 rebus
480 1127 618 1210 modus,
643 1145 676 1194 ct
691 1151 764 1217 quas
781 1130 823 1194 sit
842 1128 1002 1194 sententia
1018 1127 1140 1212 dietis,¹

281 1243 394 1326 Quum
411 1257 504 1308 terret
518 1243 691 1328 accedent,
712 1261 744 1310 et
759 1267 862 1333 quum
880 1243 1080 1310 transibimus
1098 1266 1219 1334 sequor,

278 1359 352 1424 Sive
368 1358 465 1424 etiam
482 1360 640 1443 Colchos,
653 1360 728 1426 alias
746 1382 805 1424 seu
819 1359 986 1448 poscimus
1003 1381 1086 1424 oras.

279 1473 364 1538 Estis
380 1473 468 1539 enirn
482 1459 621 1541 numero
637 1474 750 1559 simul,
774 1491 807 1542 et
822 1475 943 1542 virtute
963 1475 1108 1564 priores,

282 1588 325 1654 Et
340 1605 481 1654 maneta
500 1589 626 1678 superis
640 1589 794 1656 nascendi
812 1590 913 1680 gloria
929 1589 1044 1673 vobis,

279 1703 326 1774 Ut
337 1702 431 1779 labor
442 1702 497 1767 hic
516 1704 604 1767 nulla
617 1705 802 1768 communis
820 1703 916 1768 laude
934 1717 1078 1768 canatur.

277 1815 342 1882 Sed
360 1839 468 1907 neque
484 1817 541 1906 qui
559 1833 710 1906 superet,
726 1819 778 1883 vel
796 1819 838 1883 sit
854 1818 1067 1908 prestantior,
1083 1817 1186 1881 ullum

279 1932 419 2000 Hercule
434 1957 510 2023 rege
525 1948 657 2023 putem,
674 1934 772 1998 simul
787 1951 820 1998 ct
832 1933 1025 2025 cognoscitis
1039 1934 1131 2022 ipsi».

321 2048 374 2112 Sic
386 2047 449 2131 ait,
465 2047 620 2112 etcuncti
639 2047 814 2112 laudarunt
832 2046 917 2112 dicta
931 2049 1092 2130 tumultu3

283 2161 326 2226 Et
341 2163 464 2227 clamor
476 2162 644 2250 sequitur,
662 2185 773 2252 regem
789 2163 894 2250 placet
907 2185 977 2228 esse
994 2162 1178 2260 ducemque

278 2275 429 2361 Alciden,
444 2277 541 2366 longe
559 2276 664 2341 socios
679 2276 736 2364 qui
750 2277 918 2342 excelleret
931 2297 1055 2343 omnes.

282 2395 359 2461 Non
372 2390 448 2456 tulit
460 2387 591 2456 Alcides
603 2390 762 2479 prudens,
779 2415 920 2481 namque
934 2393 988 2456 ille
999 2391 1120 2458 sciebat

279 2503 445 2573 AEsonidae
459 2517 517 2594 per
529 2503 616 2584 jussa
631 2503 700 2569 dari
714 2506 853 2572 lunonis
865 2506 1042 2591 honorem,

280 2624 326 2688 Ut
337 2620 438 2686 decus
451 2618 486 2684 in
500 2618 617 2708 longos
632 2619 716 2685 illius
729 2637 882 2712 proroget
894 2644 1011 2688 annos.

277 2733 360 2802 Inde
372 2733 491 2799 ducem
506 2733 590 2798 clara
606 2732 752 2799 decernit
764 2734 879 2800 lasona
894 2759 975 2801 voce

279 2850 525 2944 Quinquaginta
537 2851 644 2941 Argus
657 2851 755 2917 retnis
771 2867 919 2940 terraque
940 2853 1095 2943 motique.

276 2969 363 3034 Tum
379 2987 513 3055 quoque
528 2966 714 3032 collaudant
728 2965 849 3032 Alcides
862 2966 951 3047 jussa
963 2970 1109 3040 tumultu

280 3084 432 3164 Sublato,
449 3097 483 3146 et
496 3083 645 3172 princeps
660 3083 711 3147 his
725 3104 795 3148 esse
808 3082 937 3154 videtur
946 3086 1052 3150 lason.

323 3196 388 3264 Sed
404 3219 508 3286 quum
524 3219 648 3285 pronus
668 3199 761 3287 equis
776 3197 841 3278 jam
856 3198 967 3264 labens
979 3201 1198 3290 tethereTimn

280 3315 463 3391 immenso,
478 3310 627 3375 tenebras
641 3311 775 3376 inferret
787 3313 892 3377 noctis
905 3335 1029 3402 opacae,

277 3429 485 3494 'l'umsccum
497 3422 765 3490 AEsonidesintra
782 3428 959 3516 precordia
973 3445 1101 3518 cautus,
1267 3457 1306 3496 sss

281 3539 414 3608 Foedera
429 3539 553 3620 juratos
573 3539 684 3608 statuit
701 3537 829 3606 firmare
847 3540 1010 3631 fidemque

279 3658 418 3736 Heroas,
433 3653 538 3718 stabili
552 3668 723 3718 serventur
739 3670 776 3718 ut
789 3658 900 3719 omnia
912 3675 1000 3724 voto.

280 3771 390 3851 Tunc,
404 3769 539 3849 Musaee,
557 3768 654 3855 patris
666 3790 776 3832 carum
789 3793 891 3860 genus
905 3773 1129 3862 Antiophenri,

280 3885 334 3950 Mc
350 3905 523 3973 properare
536 3881 629 3961 jubet
644 3881 860 3970 pulcherrima
878 3907 965 3950 sacra
981 3906 1157 3975 parantem.

282 4006 355 4092 lpse
370 4021 464 4088 pyras
481 3998 580 4088 igitur
596 3999 738 4086 spatioso
754 3999 786 4062 in
804 4001 898 4064 litore
915 4005 1016 4067 struxi
1268 4030 1308 4070 3¹0
1374 4057 1379 4066 .
