3006 4676
241 343 303 386 eon
550 322 585 384 C.
609 321 806 387 VALERII
842 321 1013 388 FLACCl
1056 331 1062 340 '

284 453 354 518 Nec
372 453 487 518 subitis
503 452 631 519 turbata
652 454 768 536 minis,
784 454 875 542 prior
892 471 1153 544 occupaturum

286 568 488 649 AEsoniden,
504 570 667 659 longeque
685 569 801 650 trahit,
818 592 894 634 mox
911 571 1029 635 talibus
1052 570 1140 636 infit:

285 712 298 737 «
310 682 364 746 Me
378 704 529 770 quoque,
548 682 608 764 vir,
625 698 733 748 tecum
750 683 888 770 Minyae,
906 683 1081 749 fortissima
1096 685 1217 774 pubes,
1274 705 1313 752 ns

285 797 389 860 Nocte
405 795 524 884 dieque
540 813 689 880 movent,
708 798 803 862 liceat
818 820 1015 887 cognoscere
1034 799 1183 881 tandem,

284 911 317 974 Si
336 909 436 975 modo
457 910 589 974 Pelincae
606 933 673 976 non
689 933 763 976 sum
780 911 905 1000 captive
922 913 1060 995 carinae,

284 1026 353 1090 Nec
369 1025 522 1090 dominos
538 1024 673 1115 decepta
686 1049 817 1114 sequor,
834 1029 1048 1116 consultaque
1063 1045 1168 1093 vestra

283 1148 345 1210 Fas
360 1143 472 1209 audire
488 1145 578 1210 mihi.
593 1144 727 1227 Vereor,
745 1144 899 1210 fidissime
917 1148 1057 1230 conjux,

284 1260 338 1325 Nil
357 1260 527 1348 equidem:
549 1259 702 1324 miserere
719 1277 847 1342 tamen,
866 1263 1091 1350 promissaque
1108 1285 1198 1328 serm
1273 1287 1313 1328 tw

285 1377 397 1464 quque
411 1375 453 1440 ad
466 1375 665 1462 Thessalicos
680 1375 792 1441 saltem
807 1377 973 1442 connubio
988 1395 1122 1466 portus,

285 1493 389 1579 Inque
406 1507 462 1556 tua
480 1514 533 1555 me
549 1513 667 1579 sperne
683 1490 800 1556 domo:
819 1492 880 1556 scis
903 1509 935 1556 te
955 1491 1038 1556 mihi
1056 1509 1162 1575 certe,
1239 1499 1242 1506 ’

285 1605 362 1670 Non
378 1605 484 1670 socios
494 1605 618 1687 jurasse
636 1622 729 1690 tuos3
745 1607 780 1670 hi
796 1605 933 1671 reddere
949 1606 1059 1670 forsan

176 1809 178 1813 ι
284 1722 343 1785 Fas
357 1720 515 1801 habeant3
537 1719 598 1784 tibi
616 1742 685 1792 non
701 1719 815 1784 eadem
835 1720 990 1808 permissa
1004 1735 1158 1808 potestas.

282 1836 394 1924 Teque
411 1835 509 1900 simul
523 1857 653 1899 mecum
666 1835 735 1923 ipse
748 1834 889 1917 traham3
912 1857 980 1898 non
996 1835 1065 1898 sola
1087 1857 1240 1923 reposoor
1272 1854 1311 1900 tut
1403 1899 1407 1902 .

283 1950 383 2039 Virgo
401 1971 541 2030 nocens,
558 1965 656 2036 atque
672 1949 732 2013 hac
743 1932 866 2038 pariter
880 1965 948 2013 rate
966 1948 1111 2038 fugimus
1125 1972 1250 2014 omnes.

285 2067 336 2127 An
353 2063 459 2128 fratris
476 2080 508 2126 te
522 2063 605 2128 bella
624 2062 705 2148 mei,
726 2063 902 2151 patriaeque
917 2063 1057 2128 biremes

271 2251 325 2306 42³.
342 2252 390 2298 Hit.
400 2249 475 2297 Vrtie.
485 2251 575 2296 Boron.
587 2249 657 2296 rodd-
670 2251 725 2304 Hr's,
741 2257 764 2295 et
775 2264 809 2296 vt.
819 2263 868 2310 req.
883 2249 975 2295 abeant.
989 2247 1049 2295 Edd.
1064 2256 1118 2296 tute
1134 2247 1214 2294 Heius.
1225 2256 1313 2310 preter

239 2333 339 2394 lingent,
351 2357 382 2366 -
396 2337 454 2386 4²4·
466 2331 589 2378 Pmmitea.
600 2329 675 2376 vnio.
691 2331 781 2375 Boron.
801 2327 872 2375 codd.
890 2355 921 2364 -
936 2328 991 2384 426.
1008 2332 1066 2375 Huc.
1084 2329 1174 2376 Bouon.
1193 2338 1217 2375 et
1232 2332 1311 2376 Bur-m.

240 2411 310 2456 codd.
321 2411 410 2458 Boron.
423 2410 434 2455 1
445 2419 468 2456 et
480 2410 512 2456 11.
530 2411 573 2456 En.

239 2578 358 2634 comtitit
368 2577 432 2642 eibi,
442 2597 488 2630 nee
501 2580 584 2630 subitis
598 2582 695 2630 arrhata
707 2581 754 2630 mi·
798 2581 888 2632 tumin
897 2592 940 2630 ma
949 2598 1081 2648 mespeme
1090 2582 1177 2640 domo,
1186 2577 1314 2651 repudia,

239 2661 290 2720 nis,
301 2657 426 2729 periculis
435 2694 443 2721 ,
450 2659 518 2726 prior
529 2672 643 2726 occupat,
652 2677 682 2714 te
690 2677 754 2712 eon-
797 2657 820 2710 εἰ
828 2658 863 2711 ite
875 2658 949 2712 lubet
956 2699 964 2724 ,
976 2659 1017 2712 vel
1027 2677 1076 2732 pro
1090 2657 1187 2712 aneilla
1197 2657 1311 2722 habeat,

239 2737 322 2790 vertit
331 2736 366 2791 ad
377 2739 518 2803 iasonem,
531 2742 652 2806 longeque
666 2737 699 2790 ab
713 2757 755 2794 eo·
797 2756 879 2810 quam
893 2737 920 2790 in
931 2739 1002 2792 bello
1016 2749 1154 2810 captarum
1167 2735 1311 2790 mulierum

239 2815 287 2870 ciis
301 2829 432 2870 remotum
446 2820 534 2879 trabit,
550 2816 660 2871 seorsim
670 2816 752 2871 ducit.
796 2829 893 2872 nortem
904 2835 975 2889 rupe
986 2817 1070 2870 iniere
1080 2816 1203 2870 novimus
1216 2834 1248 2870 ex
1258 2815 1311 2868 Ho-

276 2897 336 2959 415.
343 2903 385 2949 He
396 2917 493 2967 quoque
503 2912 580 2950 tecum
589 2898 753 2966 Minyada»
796 2916 878 2950 mero.

238 2978 332 3030 tissima
346 2981 435 3046 pubes,
448 2993 520 3032 nocte
538 2981 627 3048 dieque
642 2993 753 3037 movent,
832 2982 893 3040 dn.
906 2979 958 3028 Seis
968 2989 992 3028 te
1004 2989 1069 3028 certe
1079 2977 1139 3027 milri
1142 2979 1245 3046 jurasse
1250 3013 1258 3036 ,
1270 2994 1312 3028 to-

238 3056 377 3112 sollicitem
395 3057 495 3112 habent
517 3070 571 3110 tem
594 3057 709 3129 egregii,
727 3069 753 3109 te
797 3056 851 3110 cior
873 3076 929 3110 nou
943 3057 1023 3124 item,
1035 3054 1082 3129 qui
1101 3057 1122 3110 ti
1143 3056 1253 3111 fortasse
1269 3076 1312 3111 me
1335 3053 1338 3060 ’

239 3133 322 3203 duce,
342 3137 395 3191 viri
415 3140 543 3210 juvenes:
562 3146 680 3189 ettamen
701 3134 753 3189 hoe
797 3135 920 3190 tradendi
935 3138 979 3209 jue
999 3137 1134 3200 habeant,
1152 3137 1201 3189 tibi
1224 3149 1311 3191 temen

238 3214 305 3267 mihi
324 3214 414 3279 diem,
431 3235 465 3266 an
485 3213 647 3282 captivarint
666 3225 753 3266 ventre
798 3234 872 3287 uque
884 3229 998 3288 potentes
1010 3235 1066 3270 non
1083 3227 1129 3270 ett.
1141 3216 1222 3282 Quod
1235 3217 1258 3270 ti
1273 3229 1312 3269 ta·

239 3289 268 3344 in
284 3295 362 3357 mvi,
380 3312 415 3347 en
436 3311 492 3346 non
506 3294 665 3364 eonjugem,
678 3291 754 3362 quod
797 3295 1312 3363 menteceris,esimu1mocumeratam,

237 3373 410 3442 promiseras,
434 3369 481 3424 sed
507 3375 631 3423 dominum
650 3373 754 3440 derepta
797 3392 902 3428 meeum
925 3373 960 3428 nd
980 3387 1083 3447 petrem
1100 3372 1247 3434 abducam.
1265 3375 1313 3448 qui

239 3469 338 3518 sequar.
349 3448 412 3504 Noli
424 3467 467 3504 me
478 3450 578 3516 celare,
588 3449 654 3522 quid
664 3448 698 3504 de
710 3469 753 3504 me
797 3473 851 3506 non
868 3472 912 3507 me
924 3453 1008 3508 solem
1023 3467 1053 3506 ut
1069 3465 1210 3507 nocentem
1225 3471 1313 3525 perre-

239 3525 417 3585 deereveritir.
796 3533 895 3605 quitur,
916 3532 962 3586 ted
980 3546 1025 3598 te,
1040 3544 1067 3585 et
1086 3531 1190 3586 velleris
1206 3543 1233 3586 et
1251 3533 1313 3586 filie

275 3610 409 3677 4:941„
435 3621 462 3664 te
489 3607 616 3681 quidem,
631 3611 753 3678 fidissime
797 3613 1313 3684 raptorematqueiaacparitermtefii·

239 3692 348 3757 conjux,
363 3689 444 3744 telem
454 3689 525 3742 enim
539 3702 565 3742 te
576 3707 632 3743 eme
642 3707 750 3760 perrun-
793 3693 875 3760 gimnr
885 3710 983 3752 omres,
998 3702 1125 3755 cunctor,
1139 3701 1271 3763 quotquot
1283 3690 1313 3743 in

238 3785 297 3820 eum
317 3767 422 3831 habeo,
438 3767 478 3822 nil
496 3769 595 3836 timeo,
613 3768 635 3820 ri
663 3780 751 3822 temen
795 3770 1010 3835 nativermmur,
1024 3769 1117 3823 eedem
1130 3771 1311 3842 culpatum,

238 3845 285 3898 tibi
294 3846 371 3900 sociis
380 3846 531 3902 cedendum
541 3867 598 3902 etse
608 3847 751 3917 existimer,
795 3868 886 3904 omues
895 3861 925 3902 ut
937 3847 1061 3920 fugitivos
1071 3849 1218 3921 insequitur
1227 3859 1311 3920 peter.

237 3929 274 3976 ita
291 3940 374 3978 tamen
390 3927 516 3987 miserere,
533 3938 564 3980 ut
577 3927 672 3982 taltem
687 3946 749 3998 pro-
832 3935 891 3999 4²7·
902 3929 1000 3982 Forsan
1013 3947 1078 3981 vero
1088 3941 1143 3994 tot,
1153 3929 1312 4000 quibussre·

239 4003 310 4057 mirsi
324 4025 383 4077 lura
402 4006 527 4059 connubii
545 4025 651 4074 serves,
663 4005 749 4061 donec
795 4021 835 4062 ter
855 4021 881 4061 te
899 4010 1011 4080 premit,
1024 4009 1133 4062 neribus
1152 4009 1311 4079 perterrefe-

238 4083 264 4137 in
291 4085 405 4157 patriam
433 4097 505 4140 tuam
533 4085 748 4158 pervenerimur;
794 4100 870 4151 ctus,
888 4105 930 4140 me
947 4085 1085 4142 deserendi
1108 4087 1251 4140 consilium
1271 4105 1313 4141 ce·
