3022 4678
405 343 787 412 ARGONAUTICON
818 347 903 410 LlB.
921 346 1000 410 VII.
1179 371 1240 435 109

213 475 386 542 Colchida:
405 478 566 544 Caucasiis
581 479 773 567 speculatrix
793 482 880 544 Juuo
899 478 1019 546 resedit
1204 513 1239 551 ¹⁹⁰

213 592 379 680 Rupibus,
397 593 552 660 attonitos
569 593 658 660 AEaea
674 595 709 661 in
725 596 844 660 moenia
858 595 967 660 vultus

214 707 345 795 Speque
360 724 515 797 metuque
537 724 668 792 teneus,
684 725 717 774 et
732 709 841 776 adhuc
855 710 964 800 ignara
980 709 1093 776 futuri.

255 822 319 888 Vix
334 823 453 911 primas
469 824 596 890 occulta
614 826 727 892 Venus
742 842 952 916 prospexerat
968 849 1072 908 arces,

215 938 356 1028 Virginis
370 961 444 1004 ecce
458 962 564 1006 novus
582 959 726 1008 mentem
742 943 959 1032 perstringere
975 943 1114 1032 languor

215 1053 356 1141 incipit:
374 1053 576 1146 ingeminant
591 1057 762 1122 commotis
780 1057 951 1146 questibus
968 1073 1073 1123 aesttrs.
1204 1081 1239 1129 19⁵

214 1171 302 1259 Ergo
317 1169 437 1236 iterum
453 1193 567 1238 sensus
583 1173 689 1238 varios
705 1195 803 1262 super
817 1173 945 1262 hospite
960 1174 1092 1240 volvens

215 1283 353 1367 Moerct,
367 1302 401 1350 et
415 1286 541 1352 absenti
557 1285 779 1376 nequidquam
796 1288 870 1352 talia
889 1288 996 1354 fatur:

215 1399 273 1464 «si
290 1399 349 1462 tibi
364 1399 556 1466 Thessalicis
572 1422 680 1483 nune,
698 1402 726 1468 si
742 1419 797 1468 tua
814 1403 898 1466 forte
914 1404 1047 1472 venenis

215 1515 329 1598 Mater,
346 1533 379 1580 et
393 1517 477 1598 lieu,
493 1517 601 1606 siqua
619 1533 682 1594 est,
705 1533 815 1606 posset
831 1539 1020 1584 succurrere
1035 1523 1170 1602 conjux!

216 1630 344 1714 Quidve
361 1647 435 1695 tuos
451 1631 543 1721 virgo
562 1631 683 1720 possita
700 1631 762 1698 uisi
782 1611 857 1697 llere
873 1630 1019 1698 labores?

214 1746 286 1812 Hoc
300 1747 393 1828 satis,
409 1747 478 1835 ipsa
493 1747 590 1812 etiarn
606 1768 698 1812 casus
715 1737 858 1834 spectare
875 1768 1061 1834 supremos,

203 1959 257 1992 aco.
274 1947 335 1993 Nam
347 1945 404 2010 quid
414 1948 478 2008 uirgo
488 1956 538 1992 tuot
545 1950 637 2010 possim.
647 1949 700 1996 Ald.
712 1976 743 1985 -
759 1965 813 1998 aot.
824 1952 879 1995 Haec
894 1949 957 1995 satit.
970 1949 1025 1996 Ald.
1040 1951 1107 2012 lege,
1118 1968 1160 1998 nee
1174 1955 1239 1999 tatis.

169 2024 405 2088 lleins.1pse.Vatic.
417 2033 441 2072 et
451 2029 529 2072 Burin.
540 2028 610 2074 codd.
626 2028 671 2074 Hic
682 2043 761 2074 versus
770 2029 807 2075 bis
817 2029 904 2090 legitur
917 2029 942 2074 ln
953 2029 1008 2076 cad.
1018 2029 1093 2078 Vttie.
1106 2031 1151 2078 hcc
1160 2031 1240 2078 modo.

170 2108 220 2150 Hoc
234 2108 289 2150 satt's
303 2108 353 2168 t'pte
367 2107 437 2151 etiam
455 2121 521 2152 casus
537 2116 636 2168 spectare
651 2122 778 2170 supremos.
794 2109 839 2154 mi
849 2107 960 2154 miltites
976 2124 1042 2154 castet
1052 2111 1123 2156 etiam
1138 2121 1240 2173 spectare

167 2201 293 2247 aprunos,
302 2189 380 2248 Atque
387 2186 483 2240 tunm,
495 2195 540 2232 etc.
556 2187 600 2234 En.

171 2383 246 2436 spem
268 2363 337 2417 inter
354 2377 507 2436 metumque
528 2363 623 2418 divisa.
641 2363 684 2417 Sic
765 2381 825 2415 soc.
839 2365 930 2428 Quidve
941 2377 996 2414 tuos
1007 2367 1080 2433 uirgo
1087 2369 1181 2433 possim
1193 2371 1242 2420 nisi

169 2444 261 2498 omnia
272 2443 323 2496 sibi
333 2445 489 2516 preparavit
497 2443 587 2496 Poeta.
720 2446 787 2514 flere
812 2445 931 2493 sacoma
960 2442 1012 2495 Pro
1038 2447 1125 2511 qtu'dve
1142 2444 1238 2500 Aldina

212 2523 335 2596 ¹9³·209·
345 2523 457 2577 Veneris
467 2522 611 2575 adrentum
620 2519 685 2574 etni-
727 2521 808 2574 habet
825 2540 884 2572 nam
908 2523 985 2588 quid,
1005 2522 1109 2576 facilius
1127 2523 1162 2576 ad
1180 2543 1238 2578 aen·

172 2621 224 2656 nat
236 2602 303 2656 adeo
320 2603 436 2658 sentiens
446 2601 554 2665 Medea,
567 2619 629 2654 cum
641 2601 685 2654 Ja-
728 2619 798 2664 snm,
806 2599 853 2654 sed
861 2598 1132 2656 sloedeiendietiarn
1140 2616 1238 2676 potest,

171 2700 235 2735 sone
248 2683 369 2749 absente,
383 2695 410 2735 et
424 2701 512 2736 secum
527 2681 583 2752 ipsa
599 2681 683 2754 lnqui-
728 2679 796 2734 siita
807 2680 985 2752 interpreteris
998 2697 1004 2732 :
1016 2681 1125 2736 Utinam
1134 2682 1175 2734 rel
1187 2702 1239 2738 ma-

171 2775 224 2816 tnr.
238 2764 290 2814 Vix
299 2766 396 2830 primas
412 2781 495 2823 ames,
510 2759 601 2832 palatii
618 2759 683 2830 regii
727 2771 778 2823 ter,
793 2757 835 2812 vel
851 2759 964 2832 conjux,
973 2761 1068 2831 juvare
1081 2772 1107 2814 te
1121 2761 1239 2833 possint,

169 2841 292 2914 fastigia,
302 2847 381 2895 Venus
388 2844 498 2901 cacttlta,
508 2837 608 2894 Medos
618 2857 684 2892 non·
727 2839 769 2892 vel
780 2855 830 2910 ego
843 2835 910 2890 adeo
921 2837 993 2908 ipsa,
1003 2837 1049 2894 sed
1058 2840 1132 2912 virgo
1147 2841 1183 2894 nil
1196 2841 1239 2896 ba-

170 2919 235 2976 dum
247 2920 316 2982 visa,
325 2934 505 2988 prospexerat,
516 2937 600 2990 qnam
609 2937 684 2970 novas
727 2918 777 2972 beo
786 2957 794 2982 ,
804 2915 854 2970 nisi
866 2915 996 2970 lacrimas.

171 3005 285 3070 lugunt,
302 2999 479 3063 desiderium,
498 3001 602 3068 νὺῃίιιὺ
617 3017 683 3049 men·
764 3013 821 3050 act.
836 2999 889 3046 Hoc
901 2998 961 3046 satis
971 2997 982 3065 (
993 2994 1097 3050 mallem
1114 3000 1184 3049 laud
1197 3019 1238 3051 sa-

170 3095 220 3130 tem
230 3082 393 3148 perstringere
405 3081 498 3146 incipit.
727 3080 757 3128 tis
770 3095 831 3129 cnm
843 3073 951 3127 Heinsio
963 3094 969 3129 :
985 3075 1023 3128 sic
1036 3075 1106 3128 enirn
1115 3117 1123 3144 ,
1133 3095 1192 3148 quu
1203 3099 1239 3134 se

209 3158 268 3226 195.
295 3161 465 3228 Ingeminant,
487 3155 682 3228 ingeminantur
725 3165 853 3228 quuntur‚
863 3153 956 3208 melius
966 3153 1132 3226 cohaerent):
1143 3175 1239 3230 nempe

172 3239 220 3304 (ut
239 3236 310 3309 apud
323 3236 417 3308 Virgil.
432 3239 491 3288 AEn.
511 3236 562 3300 lv,
579 3235 642 3302 531,
657 3247 682 3292 et
726 3239 780 3302 ipsa
804 3235 879 3286 etiam
896 3252 967 3284 casses
986 3247 1097 3300 spectare
1115 3255 1237 3304 supremos

170 3315 270 3385 alibi),
296 3318 421 3368 commotis
449 3318 570 3383 questibus
593 3329 678 3374 aesttss,
725 3311 1237 3386 ecgarcomessororis.Ergobocvult:

169 3395 230 3466 ipsc
256 3396 348 3450 dolore
374 3393 563 3467 questibusque
589 3393 682 3448 crescit
726 3393 780 3446 Nec
790 3392 852 3444 satis
862 3403 977 3454 est,uon
986 3391 1150 3463 permittetur
1160 3395 1237 3462 mibi,

169 3493 256 3528 amor.
726 3471 801 3526 domi
817 3489 920 3524 mecam
933 3469 997 3524 flere
1010 3470 1173 3526 imminentia
1188 3477 1238 3530 tibi

207 3557 268 3624 198.
288 3558 331 3616 Si,
351 3553 468 3618 utinam,
483 3553 528 3603 tibi
542 3553 682 3604 mussites
724 3551 860 3624 pericula,
876 3541 922 3604 sed
936 3571 1023 3618 soror,
1043 3563 1180 3616 utentes,
1194 3574 1239 3608 co·

169 3654 246 3696 rmus,
263 3638 286 3686 εἰ
299 3633 358 3701 (sic
372 3631 534 3704 ingeminare
547 3629 626 3684 verba
639 3647 681 3682 so·
723 3644 769 3704 get
778 3642 872 3684 testem
883 3629 1015 3684 conlatam
1027 3647 1090 3682 esse.
1113 3661 1147 3673 -
1167 3633 1238 3689 Male

168 3714 254 3766 letatus
274 3713 303 3764 in
323 3712 422 3766 aflectu
443 3710 598 3778 animi)ttsa
611 3713 682 3777 forte
725 3709 784 3763 haec
792 3708 919 3763 Maserius
927 3709 999 3780 capit
1008 3707 1041 3761 de
1051 3707 1175 3770 Circede
1184 3731 1238 3784 qna

169 3795 281 3854 maenis,
309 3791 405 3861 quibus
431 3789 543 3842 multum
568 3785 680 3842 valuisse
724 3787 845 3842 nondum
861 3787 993 3842 somniare
1009 3799 1112 3858 poterat
1125 3791 1235 3860 Medea;

168 3871 309 3926 Thessalas
320 3882 414 3923 notum
425 3879 476 3930 est,
486 3883 570 3930 mater,
580 3882 604 3918 et
614 3869 679 3928 lest,
725 3865 771 3920 sed
785 3865 819 3920 de
832 3865 977 3939 Chalciope
992 3880 1065 3920 recte
1080 3867 1143 3922 Pius
1154 3873 1237 3945 capit,

169 3954 192 4002 ss'
212 3971 264 4018 qua
291 3965 327 4002 est
346 3949 421 4018 (alte
439 3947 570 4020 suspirat,
590 3945 683 4000 latoni
725 3964 803 4020 quse,
820 3945 904 4018 inquit
917 3945 1028 4010 Medea,
1042 3965 1102 4016 me,
1119 3962 1149 4002 nt
1162 3965 1236 4018 ante,

172 4031 282 4083 fortasse
300 4031 440 4101 conjugem
457 4045 528 4094 esse,
540 4027 682 4098 cogitans)
726 4023 806 4080 ducet
825 4026 859 4079 ad
879 4026 951 4080 triste
973 4024 1039 4080 illud
1059 4031 1238 4098 spectaculum

167 4123 253 4178 posset
267 4125 404 4166 sacstqrere
416 4108 523 4174 conjux!
727 4123 885 4176 pugnarum.
902 4105 944 4158 Sic
954 4107 1129 4159 Bnrmannua.
1139 4108 1192 4162 En.
