2994 4702
495 317 924 383 ARGONAUTARUM.
1177 317 1240 403 359

183 440 393 529 expeditionis
414 440 561 527 scriptori
584 439 750 528 praeteriti:
767 461 864 502 nemo
887 441 1013 526 ignorat
1035 439 1130 501 etiarn
1153 440 1239 502 loris

183 561 213 610 et
232 544 324 608 ledis
341 545 421 608 filios
438 545 510 608 dici.
530 547 566 609 ln
585 567 647 632 qua
664 545 788 634 generis
802 544 930 634 ⁴origine
949 545 1012 607 hoc
1028 544 1151 626 solum,
1166 547 1241 632 quia

182 653 290 714 omnia
322 652 451 738 reliqua,
471 651 580 730 obvia,
606 649 859 730 observandum,
887 648 975 737 quod
1008 650 1102 713 etiam
1134 649 1241 713 lasoni

182 757 347 836 conjuncti
366 755 457 821 fuere
475 758 645 846 sanguine,
662 771 694 820 et
709 757 860 821 familiam
875 755 1079 820 AEolidarum
1096 755 1242 843 contige·

181 865 257 928 rint.
273 865 358 928 AEoli
380 865 464 928 enim
490 864 551 928 filia
573 865 635 929 fuit
659 865 790 953 Calyce,
808 885 880 951 quae
902 887 938 927 ex
957 863 1081 928 AEthlio
1104 864 1243 950 suscepit

181 969 496 1057 Endymiona,cujus
509 969 592 1034 lilius
602 970 743 1049 AEtolus,
756 969 824 1048 ejus
833 970 983 1047 Pleuron,
996 969 1093 1049 hujus
1103 971 1241 1057 Agenor,

181 1074 267 1139 illius
277 1076 468 1156 Demonice,
479 1097 550 1162 quae
560 1095 599 1138 ex
607 1075 710 1139 Marte
725 1075 798 1138 tulit
808 1075 987 1156 Tltestium,
997 1092 1119 1163 patrem
1130 1073 1223 1140 Ledae
1234 1125 1241 1149 ,

181 1180 238 1266 qui
254 1201 309 1243 rex
325 1179 386 1242 fuit
397 1179 615 1262 AEtoliae3rid.
632 1179 783 1266 Apollod.
798 1179 853 1242 lib.
874 1181 905 1260 l,
920 1201 988 1265 cap.
1004 1203 1034 1265 7.
1047 1179 1110 1243 Sed
1126 1180 1159 1244 in
1178 1180 1241 1242 boe

181 1299 348 1348 stemmate
376 1286 439 1348 hoe
468 1283 733 1366 incommodum,
760 1284 848 1372 quod
878 1307 980 1372 quum
1013 1300 1063 1347 tot
1090 1283 1242 1373 gradibus

179 1390 330 1454 Thestius
357 1389 397 1454 ab
414 1389 509 1456 AEolo
535 1390 646 1464 distet,
660 1391 713 1454 rix
735 1392 803 1470 ejus
826 1407 900 1454 aetas
923 1391 1124 1478 temporibus
1145 1391 1242 1470 hujus

180 1496 300 1560 militiae
327 1517 506 1586 congruere
530 1519 623 1585 posse
646 1497 783 1578 ridetur,
809 1497 862 1560 cui
890 1511 939 1560 tot
963 1495 1081 1560 dedere
1110 1496 1242 1562 nomina

179 1601 298 1688 posteri
312 1601 414 1684 AEoli,
427 1601 530 1666 multo
553 1603 703 1691 propiore
728 1601 829 1692 gradu
844 1623 917 1664 eum
932 1602 1166 1689 contingentes.
1180 1601 1242 1664 Sed

179 1706 265 1771 idem
282 1707 316 1770 in
332 1709 438 1772 Aneeo
447 1757 455 1788 ,
467 1707 588 1795 Iphiclo
602 1724 634 1770 et
649 1707 717 1772 aliis
733 1709 889 1782 occurrit,
905 1727 964 1770 nec
981 1707 1059 1770 tales
1086 1706 1119 1768 in
1134 1706 1242 1768 ‘histo-

180 1815 225 1878 ria
243 1816 383 1904 mythica
401 1815 479 1880 nodi
498 1837 557 1879 nos
576 1816 692 1878 morari
713 1813 848 1896 debent,
866 1835 968 1900 quum
990 1835 1073 1902 saepe
1096 1812 1239 1893 ejusdem

180 1921 320 1984 nominis
336 1944 412 1984 avos
428 1938 460 1984 et
476 1936 607 2010 nepotes
625 1918 832 1984 confuderint
846 1936 967 2010 poetae;
982 1935 1119 2007 possunt
1133 1934 1238 1981 tamen

180 2026 328 2089 Dioscuri
349 2027 483 2115 propius
497 2023 593 2090 AEolo
615 2026 796 2106 admoveri,
810 2026 835 2088 si
855 2047 912 2113 per
935 2040 1056 2112 patrem
1073 2023 1241 2111 Tyndareo

179 2132 409 2198 ascendamus:
435 2134 488 2197 ille
510 2135 596 2197 enim
621 2133 705 2196 filius
724 2133 881 2214 Perieris,¹
894 2149 926 2196 et
942 2155 1041 2220 nepos
1058 2131 1143 2218 AEoli
1160 2131 1244 2212 fuit,

179 2254 216 2300 ut
230 2239 447 2326 Apollodorus
463 2256 596 2304 stemma
614 2239 762 2320 deducit,
775 2239 829 2302 lib.
848 2242 880 2320 l,
893 2262 962 2328 cap.
978 2262 1018 2324 9,
1033 2245 1048 2320 §
1067 2237 1105 2318 ὃς
1119 2237 1174 2324 qui
1192 2253 1237 2300 ta·

180 2365 253 2406 men
280 2344 357 2408 alios
383 2345 541 2408 Perierem
568 2347 719 2432 Cynortae
736 2343 837 2408 silium
857 2345 959 2406 litcere
982 2342 1156 2431 addit‚qui
1179 2343 1241 2404 fuit

179 2445 260 2512 iilius
274 2450 425 2536 Amyclae3
442 2466 475 2512 et
491 2450 567 2513 hinc
582 2449 638 2512 lib.
657 2428 721 2528 ΠΙ,
736 2472 804 2536 cap.
820 2473 868 2529 ro,
883 2448 929 2524 §3
945 2466 978 2512 et
993 2453 1083 2528 ΔΜ
1096 2450 1240 2536 Cynorta

178 2551 308 2617 deducit
327 2554 504 2635 Perierem,
517 2577 555 2618 ex
581 2555 635 2618 illo
655 2556 836 2632 OEbalum,
851 2571 883 2618 et
902 2577 940 2616 ex
957 2577 997 2617 eo
1010 2553 1218 2638 Tyndareum
1232 2579 1240 2628 ς

177 2657 233 2722 sed
266 2659 342 2723 hinc
370 2661 464 2722 etiam
498 2659 754 2746 perturbationes
787 2661 933 2746 plurimae
968 2675 1177 2748 temporum:
1212 2659 1237 2722 si

178 2765 264 2827 enim
299 2764 489 2853 Tyndareus
532 2763 643 2828 tertius
678 2764 718 2827 ab
749 2763 866 2843 AEolo,
907 2765 962 2850 qui
992 2765 1100 2852 potuit
1132 2764 1241 2841 Leda,

178 2891 250 2956 quae
277 2892 363 2933 nona
391 2869 431 2932 ab
460 2870 515 2932 illo
540 2868 618 2949 fuit,
635 2869 703 2948 ejus
725 2869 843 2947 conjux
872 2867 990 2931 fuisse?
1007 2891 1112 2955 neque
1144 2869 1235 2932 etiam

177 2977 290 3038 Castor
302 2989 334 3038 et
347 2973 461 3039 Pollux
474 2973 578 3037 multo
590 2973 670 3036 infra
683 2974 752 3036 haec
764 2991 907 3060 tempora
919 2965 1124 3054 detrudendi,
1135 2998 1237 3060 quum

177 3095 251 3142 ante
263 3079 393 3159 Trojani
418 3079 493 3142 belli
518 3096 662 3168 tempora
680 3079 744 3158 jam
762 3101 779 3142 e
799 3077 905 3141 medio
923 3079 1132 3158 excesserint;
1149 3080 1238 3167 quod

179 3183 204 3246 si
222 3185 315 3247 etiarn
328 3207 439 3248 rerum
456 3183 511 3264 sit,
525 3183 580 3271 qui
600 3182 751 3247 credibile
766 3200 814 3246 est
828 3181 1000 3263 Helenam,
1015 3206 1128 3246 eorum
1146 3207 1237 3246 soro-

179 3313 262 3374 rem,
276 3292 350 3357 belli
363 3289 494 3374 Trojani
513 3294 657 3379 potuisse
673 3315 740 3355 esse
757 3291 981 3355 auctoremlsi
1001 3292 1086 3355 enim
1104 3292 1154 3354 illa
1176 3289 1237 3355 filia
1333 3315 1341 3340 ¹

177 3395 335 3485 Tyndarei
352 3399 431 3478 t'uit,
446 3397 640 3485 decrepitam
659 3419 756 3459 anum
772 3397 885 3476 fuisse,
897 3419 998 3482 quum
1014 3395 1143 3474 Trojam
1154 3397 1237 3459 irent

178 3503 293 3583 Graeci,
312 3519 459 3592 oportet,
474 3525 570 3590 quem
591 3499 714 3564 nodum
733 3525 797 3564 uon
815 3501 906 3564 aliter
929 3503 1024 3565 solvit
1049 3501 1177 3565 Servius
1196 3503 1236 3565 ad

179 3605 264 3696 Virg.
279 3607 405 3674 AEneid.
434 3609 485 3690 ll,
501 3611 582 3692 601,
600 3609 659 3670 nisi
683 3605 771 3693 quod
796 3605 909 3670 Pollux
928 3624 960 3670 et
980 3609 1099 3670 Helena
1116 3607 1237 3672 fuerint

178 3713 388 3796 immortales,
400 3715 538 3802 ideoque
550 3737 617 3777 non
632 3725 767 3776 senectae
779 3713 862 3776 vitiis
874 3713 1024 3794 obnoxii,
1037 3717 1150 3777 Castor
1161 3737 1237 3778 vero

178 3820 420 3907 ntortalis3quae
443 3820 525 3882 ratio
552 3819 630 3882 nulli
654 3816 833 3881 satisfacere
856 3819 982 3904 poterit.
999 3817 1088 3882 Idem
1108 3818 1235 3882 Servius

178 3922 340 4003 observat,
362 3927 619 4012 Argonautarum
646 3923 727 3988 lilios
752 3923 934 3988 interfuisse
959 3924 1044 3988 bello
1062 3925 1235 4002 Thebano,

179 4025 306 4090 illorum
331 4053 406 4091 vero
431 4027 510 4094 lilios
534 4023 692 4110 Trojano,
717 4028 771 4090 sed
797 4030 1028 4091 inextricabiles
1053 4030 1111 4094 bos
1136 4029 1238 4091 nodos
