3022 4678
435 354 828 422 ARGONAUTlCON
858 357 944 419 LIB.
968 353 1050 416 Vll.
1212 347 1272 412 103

250 484 418 573 Phryxum
436 501 475 550 ut
489 485 598 575 aligeri
615 487 730 552 Circen
748 508 884 577 rapuere
900 485 1067 550 dracones.

248 600 334 664 Tum
350 599 507 692 comitum
524 600 596 666 visu
612 599 733 668 fruitur
748 598 928 665 miseranda
947 619 1096 676 suarum,

248 713 445 802 implerique
463 714 591 803 nequit;
608 714 783 804 subitoque
798 713 987 803 parentibus
1004 713 1104 776 haeret

248 827 408 906 Blandior,
424 843 457 892 et
471 829 578 916 patriae
594 828 781 894 circumfert
799 829 909 894 oscula
927 825 1067 892 dextrae:

247 941 299 1006 Sic
314 958 439 1008 assueta
455 943 532 1008 toris
550 959 582 1008 et
598 965 717 1008 menore
733 943 835 1009 dulcis
852 942 963 1023 herili,

247 1054 345 1146 AEgra
361 1078 444 1120 nova
457 1058 523 1138 jam
541 1073 632 1146 perte
651 1058 739 1124 canis
756 1057 908 1146 rabieque
927 1057 1053 1136 futura,
1235 1070 1270 1111 nt

248 1174 332 1237 Ante
349 1172 460 1262 fugam
478 1187 564 1238 totos
579 1174 694 1238 lustrat
711 1171 916 1261 queribunda
930 1187 1075 1261 penates.

245 1282 389 1349 Tandem
406 1287 502 1350 etiam
516 1286 605 1350 molli
623 1309 692 1352 sese
708 1288 807 1351 semel
823 1287 969 1374 increpat
986 1286 1048 1348 ira:

247 1399 396 1489 “Pergin
418 1402 478 1482 ait,
497 1400 650 1483 demens;
668 1417 766 1489 teque
782 1401 867 1466 illius
886 1400 976 1489 angit
992 1400 1112 1487 imago,

246 1515 413 1602 Curaque,
430 1515 485 1603 qui
502 1516 640 1606 profuga
658 1517 767 1581 forsan
788 1531 877 1580 tenet
892 1517 954 1579 alta
971 1514 1097 1592 carina,

247 1630 379 1718 Quique
395 1653 503 1695 meum
521 1634 639 1720 patria‘s
655 1632 771 1698 referet
787 1655 847 1698 nec
863 1653 983 1696 nornen
1000 1628 1041 1694 ad
1058 1629 1172 1693 urbes!
1229 1647 1265 1686 ιι,

234 1867 285 1901 nn.
302 1853 403 1916 Beplen'.
420 1856 509 1900 Boron.
529 1855 582 1902 cod.
597 1857 685 1903 Boron.
697 1855 707 1900 l
721 1863 744 1901 et
762 1855 800 1909 ll,
815 1863 839 1901 et
849 1854 903 1900 edd.
916 1861 970 1900 ente
982 1852 1060 1899 llelna.
1075 1852 1174 1914 Implevi.
1187 1851 1261 1897 vatic.

200 1943 225 1980 et
248 1934 313 1981 Carr.
336 1933 406 1982 codd.
422 1960 447 1970 -
467 1949 518 2004 ιη.
544 1935 609 1982 Molli
623 1935 704 1983 renuis
721 1938 830 1998 increpet.
850 1935 925 1983 Vetic.
942 1933 995 1980 cod.
1017 1943 1145 1996 presence
1169 1934 1218 1983 eie,
1237 1941 1275 2006 ut,

144 2049 148 2056 .
201 2011 257 2060 milri
275 2013 374 2061 ridetur.
390 2013 467 2060 Semel
482 2030 530 2062 sere
547 2015 579 2062 eie
593 2017 710 2078 irrerepat,
729 2014 771 2062 red
789 2023 909 2076 expuncto
926 2014 967 2059 rie.
985 2015 1076 2060 Boron.
1095 2012 1148 2059 cod.
1165 2016 1198 2060 Μ.
1213 2027 1263 2057 sere

199 2091 267 2138 cimai
288 2096 397 2156 increpet.
419 2093 478 2140 ted.
507 2104 561 2142 ante
587 2095 770 2142 Cam-128.
793 2098 867 2158 Atque
893 2093 961 2145 illine.
981 2096 1072 2141 Boron.
1099 2092 1152 2140 cod.
1170 2094 1262 2139 Bonum

200 2171 231 2218 ll.
247 2197 273 2208 -·
290 2187 342 2235 1¹29.
364 2174 405 2220 Cui
421 2173 537 2236 profugat.
548 2173 623 2223 Vatic
636 2173 690 2222 eod.
705 2177 763 2222 Crem
780 2175 813 2220 tui
821 2173 927 2238 pinsingo.
944 2176 1034 2222 Boron.
1052 2173 1104 2222 eod.
1121 2173 1164 2220 lin.

198 2369 262 2424 olim
280 2372 308 2423 in
322 2370 462 2435 Colchida,
476 2373 525 2426 rub
538 2371 635 2447 Phryxi
649 2393 705 2445 per-
750 2389 773 2425 ee
783 2393 871 2426 menter
880 2377 957 2426 duleis
969 2376 1054 2434 herili,
1065 2369 1176 2423 aduinus
1188 2389 1260 2441 para-

199 2469 264 2504 eona
273 2469 350 2504 eumn
363 2451 480 2522 cogitans
492 2453 626 2506 Jaeonem.
750 2452 813 2506 eitun
823 2495 830 2519 ,
841 2457 910 2504 canis
922 2473 985 2505 nova
992 2467 1062 2521 peste
1071 2453 1185 2518 rabieque
1190 2451 1262 2518 fietu·

238 2530 420 2585 rnr.annad
431 2529 704 2603 egritudinemanimi
751 2551 793 2593 ra,
819 2531 903 2586 morbi
925 2532 1054 2604 impetum
1072 2533 1125 2603 jam
1148 2546 1261 2600 prusen-

198 2611 240 2666 tui
256 2609 408 2674 levandam,
424 2615 537 2664 comitum
552 2613 708 2682 visufiuitur
750 2612 834 2678 tiene,
849 2615 1002 2680 natefingam
1020 2624 1082 2661 tneor
1100 2612 1188 2660 lustrat
1201 2627 1260 2674 que·
1282 2643 1285 2661 .

198 2693 353 2752 melioranda,
368 2693 509 2758 implerique
518 2693 609 2758 nequit.
630 2691 705 2755 Hoc,
751 2693 855 2743 ribendo
881 2697 999 2752 Penates,
1024 2707 1116 2743 omnen
1145 2689 1261 2760 perrepit

198 2769 342 2841 presertim
354 2769 390 2822 ob
406 2769 558 2840 praecedent
568 2772 647 2830 aba,
668 2769 707 2821 in·
750 2771 868 2841 angulos.
887 2767 969 2836 Quod
987 2768 1087 2831 simile,
1097 2786 1259 2839 quamquam

197 2848 335 2920 terpretari
352 2848 449 2920 poesia.
466 2866 520 2902 non
537 2859 641 2922 poterat
663 2865 704 2902 ea·
748 2841 1260 2919 puellercumanimaliburcompnrnese

197 2925 256 2978 tiari
278 2925 414 2989 ridend03
433 2927 471 2980 eie
490 2929 585 2996 explen'
604 2929 701 2995 nequit,
748 2939 837 3000 poetae
847 2939 947 2981 veteres
960 2945 1015 2979 non
1028 2925 1138 2996 ignoro,
1153 2944 1201 2978 cur
1212 2925 1257 2978 hic

197 3003 292 3076 virgil.
303 3007 362 3060 AEn.
375 3005 454 3068 VIII,
467 3007 527 3060 618.
544 3005 650 3060 Rectius
663 3017 703 3058 tn·
748 3005 899 3079 displiceat,
907 3005 1006 3060 neeoio.
1016 3005 1105 3056 Tanto
1111 3004 1194 3075 magia
1204 3005 1258 3076 pla·

197 3101 258 3138 men
281 3084 391 3139 fortene
413 3084 447 3138 de
471 3087 554 3136 animo
578 3085 704 3157 explicet,
748 3097 1061 3160 cent‚quneequuntur.

196 3163 243 3235 qui
261 3163 357 3238 expleri
373 3183 428 3218 nnn
445 3164 548 3236 potuit,
563 3183 617 3218 non
629 3163 702 3217 inre·
786 3184 845 3237 1²7·
864 3167 971 3216 Tandem
988 3167 1063 3215 etiam
1076 3165 1144 3216 molli
1157 3180 1207 3212 sese
1219 3181 1257 3213 se-

195 3243 236 3296 uit
244 3245 271 3298 in
282 3255 350 3299 eoetn
362 3245 489 3300 comitum
500 3285 508 3310 ,
518 3243 590 3317 qnod
599 3255 704 3317 optare·
748 3249 797 3298 mel
805 3247 966 3313 inerepaeira.
973 3243 1071 3296 Omnia
1080 3241 1123 3294 hic
1132 3243 1200 3296 bene
1210 3241 1255 3294 de-

196 3335 253 3388 rat,
269 3323 400 3386 leramem
418 3323 536 3376 minutus
558 3337 598 3377 ert
616 3323 702 3388 dolor,
747 3322 831 3390 lecta,
852 3323 917 3378 nihil
934 3321 1091 3377 abundem:
1112 3325 1250 3375 rarrdem...

195 3402 242 3456 eetl
252 3421 306 3457 non
317 3404 419 3468 omnia,
432 3415 458 3456 et
467 3413 566 3455 tentum
579 3401 613 3456 nd
622 3403 703 3458 breve
747 3405 857 3472 increpat
867 3423 931 3466 sese,
946 3441 981 3456 ...
996 3402 1044 3456 eed
1055 3405 1138 3453 semel.
1146 3439 1165 3454 ..
1180 3405 1258 3453 incre-

195 3491 306 3555 lempna
744 3486 853 3549 patira,
865 3481 912 3535 aed
922 3479 1255 3535 moin-videndorum

234 3563 291 3616 123.
313 3562 447 3635 Eanieite
462 3564 614 3632 circumfirt,
629 3562 701 3634 qnod
746 3560 826 3635 hnjne
837 3562 896 3614 libri
910 3574 964 3615 not.
982 3579 1039 3630 ¹²7·
1055 3561 1108 3612 Eo.

196 3641 263 3694 mibi
288 3640 432 3694 admodum
456 3643 555 3714 placet:
584 3640 701 3712 repetitis
785 3639 1253 3711 128.Pergis,eiceemetipearepre·

195 3720 292 3775 oeculie
306 3739 359 3775 non
375 3741 456 3775 unam
473 3739 600 3774 mannum
618 3721 702 3792 patrie
746 3719 854 3782 bendit,
866 3723 970 3780 demens,
985 3719 1011 3770 in
1024 3718 1172 3783 dementia,
1185 3733 1255 3787 teque

193 3811 297 3872 partem
309 3801 415 3872 premit.
433 3801 493 3854 Non
511 3801 546 3853 ita
565 3798 701 3864 Heinsius,
746 3801 809 3850 illius
827 3802 896 3867 angit
915 3801 999 3867 imago
1017 3817 1139 3866 cirroque,
1166 3799 1254 3852 animo

194 3880 241 3951 qui
259 3881 411 3950 languorem
431 3892 510 3952 atque
533 3880 614 3952 lrigua
635 3879 701 3931 intu·
747 3895 816 3949 egro
827 3879 984 3931 obversatur
992 3881 1160 3950 cemper‚qm'
1169 3884 1254 3947 prefic-

193 3959 254 4012 liree
272 3958 385 4022 videtur,
408 3957 552 4012 emendans
574 3956 616 4012 rel
638 3979 701 4010 nime
743 3958 874 4026 gafhrean
888 3971 952 4008 tenet
964 3959 1017 4008 alta
1030 3960 1132 4018 carina,
1144 3957 1253 4028 Jamdu·

195 4041 280 4107 offere,
293 4039 332 4092 vel
342 4059 437 4090 rursum
441 4041 495 4108 fere
507 4037 606 4091 orcula.
746 4037 809 4090 dum
830 4037 908 4108 longe
930 4037 1009 4102 abiit,
1031 4039 1129 4111 quique
1149 4049 1251 4091 tantum
1301 4029 1315 4040 ²

234 4125 290 4181 rad.
307 4121 346 4170 Sic
363 4121 550 4178 assuetarum,
566 4117 700 4190 pulvinis,
746 4117 817 4170 abeat
832 4117 896 4190 quin
910 4117 944 4170 de
964 4135 1006 4172 me
1030 4136 1118 4171 secum
1131 4115 1252 4170 ducenda
