2958 4704
276 371 339 451 418
452 369 725 434 CATALOGUS
756 365 1166 432 ARGONAUTARUM.

273 497 353 562 elicis
379 495 535 582 separavit
560 495 591 556 in
615 493 706 558 duas.
726 493 852 556 Solutus
864 475 944 570 vlt',
959 487 1042 572 dia,
1057 491 1114 555 ubi
1131 507 1181 554 est
1198 491 1335 570 solerem,

275 627 335 666 nee
357 601 449 666 aliter
470 601 576 662 versui
600 614 761 662 antistaret
784 595 911 660 modus.
935 596 1015 660 Stat.
1033 599 1068 678 l,
1099 603 1176 683 174,
1201 597 1260 660 ubi
1280 612 1338 660 sat.

275 710 375 773 Statio
389 707 436 786 ll,
451 705 608 784 5663111,
627 703 709 784 361,
724 702 839 766 ultimo
851 702 923 766 loco
939 719 1024 765 reete
1034 751 1043 780 ,
1054 700 1115 772 sed
1126 702 1182 788 qui
1197 702 1341 790 potuerit

266 815 309 888 ,in
328 811 479 875 eumdem
503 811 662 890 conjicere
686 810 799 890 statui,
825 824 862 871 ut
889 808 957 894 ipse
979 805 1082 872 edidit
1105 809 1214 894 priore
1244 809 1339 884 loco,

275 918 393 990 nescio.
418 917 532 982 Tactus
551 917 602 987 11.
621 915 701 995 526,
718 913 773 977 ubi
794 916 905 977 tacitus
915 912 1040 1002 pud0r;
1058 927 1091 976 et
1110 914 1228 978 iterum
1239 915 1340 977 Tectis

275 1027 316 1104 V,
335 1023 416 1104 334,
437 1023 493 1088 ubi
513 1025 626 1086 tacitis.
649 1022 757 1086 Tectos
770 1023 818 1101 ll,
839 1024 918 1107 409,
935 1043 996 1108 pro
1007 1035 1120 1084 textos.
1137 1019 1268 1088 Tectum
1285 1043 1338 1083 ex·

276 1131 364 1195 hibet
380 1129 527 1218 plurimis
546 1129 644 1208 loeis,
669 1129 703 1190 in
728 1127 847 1215 quibus
865 1139 966 1190 tecum
988 1126 1123 1216 legitur,
1154 1144 1186 1190 et
1210 1127 1291 1190 inde
1306 1128 1339 1190 in

278 1233 392 1302 Teciun
413 1233 526 1300 eadem
551 1233 684 1332 repetit,
705 1255 808 1320 quum
838 1231 872 1294 in
896 1231 1058 1321 prioribus
1080 1245 1194 1296 tectum
1217 1233 1339 1322 legerit.

279 1343 385 1406 Turba
407 1339 516 1404 multis
534 1337 629 1420 loeis,
654 1335 712 1402 sed
730 1338 816 1402 inter
834 1355 870 1399 ea
890 1339 953 1414 111,
978 1337 1042 1424 349
1057 1337 1176 1426 legitur
1194 1339 1291 1418 tuba,
1308 1352 1340 1400 et

274 1470 370 1514 sensu
386 1460 541 1512 et·metro
558 1444 602 1510 ita
616 1459 778 1532 poscente.
796 1442 940 1506 Turhant
954 1441 1084 1508 duobus
1100 1443 1198 1524 locis,
1212 1443 1270 1508 sed
1285 1442 1339 1518 1v,

276 1553 339 1620 510
358 1569 406 1618 eet
419 1553 561 1632 turbtite,
585 1550 618 1613 in
641 1571 706 1636 qua
725 1569 807 1613 voce
826 1548 878 1612 ille
900 1549 991 1612 loeus
1016 1548 1167 1612 omissus.
1183 1550 1338 1629 lbrrisV,

275 1659 354 1740 683,
366 1658 421 1724 ubi
435 1641 531 1720 ierus.
551 1653 613 1720 Sed
629 1653 815 1718 desinamus
829 1651 960 1718 taedium
979 1653 1028 1716 his
1044 1654 1210 1718 erroribus
1225 1655 1336 1720 lectori

274 1787 397 1844 creare,
408 1762 464 1850 qui
484 1778 590 1824 tamen
607 1759 700 1847 pauci
720 1781 758 1821 ex
776 1760 938 1826 immenso
950 1781 1065 1823 acervo
1077 1758 1208 1834 delecti,
1226 1777 1337 1824 osten·

274 1871 358 1936 dunt
371 1869 546 1948 Alardum,
561 1868 588 1930 si
604 1868 672 1954 ipse
690 1865 829 1930 indicem
844 1866 1038 1950 coniecerit,
1061 1890 1128 1931 non
1145 1868 1338 1933 intellexisse

274 1993 401 2066 poetam
420 1997 528 2040 suurn.
542 1971 771 2060 Nequecredo
788 1974 891 2036 ullum
909 1989 1033 2038 exstare
1048 1972 1155 2037 adhuc
1171 1973 1272 2038 hodie
1282 1973 1336 2038 'in-

273 2083 394 2163 dicem,
411 2082 467 2169 qui
484 2081 576 2167 plura
593 2079 794 2166 negligentiae
812 2093 845 2140 et
869 2079 1057 2167 ignorantiae
1076 2078 1273 2144 documenta
1290 2103 1337 2144 ex·

273 2191 414 2267 biberet,
429 2188 491 2250 nisi
502 2187 659 2265 alterum,
682 2204 781 2270 quern
796 2183 928 2271 quidam
950 2186 1113 2250 Matitaire
1128 2187 1162 2248 in
1181 2185 1346 2255 Ovidium.

238 2271 246 2290 ’
273 2295 364 2374 feeit,
378 2293 455 2357 huic
471 2291 637 2379 geminum
652 2289 827 2376 adjungere
840 2291 952 2365 velles,
966 2314 1062 2378 quem
1078 2291 1167 2374 brevi
1184 2292 1335 2356 ostende·

274 2423 363 2478 mus,
385 2395 509 2461 Alaraeto
534 2417 663 2458 summo
682 2396 756 2474 jure
782 2417 875 2483 posse
896 2397 1020 2460 sociari.
1046 2397 1121 2460 Haee
1144 2419 1238 2462 causa
1259 2400 1335 2462 satis

272 2505 375 2595 gravis
396 2526 447 2566 me
466 2499 613 2588 impulit,
637 2515 672 2562 ut
691 2501 837 2563 curarem
858 2501 955 2564 alium
979 2500 1112 2583 confici,
1126 2504 1183 2590 qni
1201 2503 1333 2590 quidem

272 2609 398 2674 mendis
408 2629 475 2672 non
483 2605 604 2672 carebit
616 2605 785 2689 (bocenim
793 2606 1040 2695 nefassperere),
1050 2606 1107 2672 sed
1115 2632 1135 2671 a
1145 2623 1210 2675 tarn
1222 2611 1334 2674 crassis

272 2716 435 2782 erroribus
448 2713 614 2787 immunis,
629 2730 666 2776 nt
682 2735 787 2800 spem,
806 2714 942 2778 lectores
961 2737 1028 2780 non
1048 2716 1203 2804 fatigabit.
1221 2719 1333 2781 Unum

272 2822 384 2888 vellem
410 2817 544 2908 quidem
565 2817 744 2882 accuratius
770 2818 893 2905 ubique
922 2819 1127 2884 observatum
1157 2822 1273 2903 inisse,
1298 2838 1333 2886 ut

272 2929 328 2992 uhi
351 2949 413 2990 vox
436 2921 622 2988 earumdem
645 2923 826 3004 literarum,
841 2923 897 2987 sed
921 2947 993 3011 quae
1014 2923 1130 2990 diversi
1151 2929 1201 2990 rel
1225 2949 1332 3006 casus,

271 3034 414 3112 numeri,
433 3027 641 3119 personuere}
657 3029 812 3116 temporis
831 3045 930 3109 esset,
947 3033 1102 3111 occurrit,
1119 3053 1247 3122 semper
1258 3049 1332 3098 ante

270 3139 326 3204 alie
346 3138 441 3202 verba
463 3135 546 3200 es'set
564 3136 720 3221 repetita,
741 3132 831 3220 quod
858 3134 1032 3222 aliquando
1056 3139 1239 3226 neglectum
1264 3161 1332 3204 esse

269 3269 356 3310 nunc
367 3243 472 3308 video.
486 3240 630 3328 Exempli
643 3241 744 3328 gratia
755 3239 880 3320 Currus,
896 3263 999 3329 quum
1016 3243 1103 3306 sitin
1118 3244 1181 3307 hoc
1198 3247 1332 3310 nomine

270 3371 299 3416 er
320 3347 495 3428 similibus,
520 3345 689 3433 singularis
706 3361 739 3408 et
754 3343 885 3434 pluralis
901 3349 1048 3428 numeri,
1073 3349 1205 3436 genitivi
1220 3351 1331 3440 singu·

268 3459 361 3536 luris,
385 3471 417 3520 et
432 3468 569 3519 accusat.
582 3449 730 3539 pluralis,
753 3451 865 3515 eadem
879 3452 1077 3536 enuntiatio,
1089 3453 1253 3520 debuisset
1269 3456 1333 3521 dis·

271 3561 385 3650 tingui,
400 3561 457 3625 ubi
468 3559 549 3622 elius
566 3570 615 3620 est
627 3577 730 3636 casus,
742 3557 828 3620 etita
842 3557 877 3619 in
892 3559 1023 3624 caeteris.
1045 3559 1109 3626 Sed
1121 3561 1189 3624 haec
1201 3562 1330 3640 leviora,

268 3691 327 3732 nec
343 3669 496 3732 lectorem
519 3661 751 3776 morabuntur,
763 3663 820 3750 qui
833 3664 860 3727 si
876 3665 954 3728 alios
974 3688 1079 3730 naevos
1098 3666 1329 3755 deprehendat,

266 3773 455 3839 humanitus
471 3792 526 3834 eos
543 3767 732 3832 commissos
750 3789 818 3832 esse
833 3769 961 3851 eredat,
988 3787 1020 3834 et
1036 3771 1188 3837 emendet
1205 3774 1293 3862 ipse„

573 3996 1014 4027 ------==-·----
