3006 4676
406 353 822 468 succursuros,
845 387 934 451 tm.
964 387 1026 453 rx.
1191 391 1253 456 233

227 519 414 584 Deveniunt
428 519 595 585 Gallorum
613 541 709 601 oras;
729 541 809 608 quas
825 518 941 608 pravis
959 519 1045 584 luno

227 633 421 702 Monstravit
432 634 544 714 juveni
557 633 733 718 AEmoni03
756 634 843 699 volat
855 649 927 700 acta
941 634 1059 700 carina.

228 751 303 813 Dux
320 749 453 839 Ligures
469 737 601 840 ignotus
618 750 705 832 obit,
730 749 821 838 quod
837 752 951 815 Iasona
967 771 1079 814 mrum

228 863 326 928 Nube
347 862 406 929 dea
418 865 571 945 involvit,
595 865 756 956 nigroque
773 865 898 930 obtexit
913 865 1045 929 amictu.
1188 865 1192 872 ”

270 981 329 1044 Ast
343 979 388 1044 illi
406 979 512 1046 media
525 997 698 1069 penetrant
710 981 778 1062 jam
795 979 1037 1062 emulationes,
1102 1035 1110 1052 x
1219 1006 1256 1044 ss

228 1093 412 1160 Stoechadas
435 1109 467 1160 ot
482 1094 618 1161 reduces
635 1095 791 1184 linquunt
804 1093 941 1160 fratrum
956 1109 1025 1161 arte
1042 1095 1215 1178 laconum.

228 1208 359 1292 Adjuti,
378 1208 475 1274 unde
485 1211 545 1274 illis
567 1226 709 1276 statuere
722 1210 833 1276 altaria
848 1209 956 1292 Graii,

229 1323 388 1413 Sacraque
406 1341 565 1414 perpetuo
585 1326 691 1392 nautis
711 1324 901 1391 celebranda
920 1326 1046 1390 futuris.

274 1437 352 1504 Mox
366 1461 465 1504 cttrsu
478 1440 620 1506 AEthalia
636 1441 866 1506 transmittitur
883 1440 988 1504 insula
1008 1457 1115 1522 certo,

228 1552 301 1634 Qua
320 1553 476 1642 placitum
494 1549 595 1620 fessos
611 1555 753 1620 relevare
770 1553 937 1619 laboribus
957 1570 1064 1637 artus,
1222 1590 1255 1627 ιφ

226 1667 337 1757 Figere
356 1684 388 1732 et
402 1691 492 1764 arma
505 1670 596 1753 loc03
613 1669 717 1752 Greci
730 1669 927 1760 cognomina
942 1685 1057 1759 portus

227 1783 378 1848 Nominis
399 1783 488 1850 unde
503 1784 618 1868 trehit,
638 1783 731 1850 linxit
747 1785 809 1849 nisi
823 1807 906 1850 vana
922 1801 1076 1850 vetustas.

273 1897 358 1963 Hinc
371 1899 466 1963 celeri
487 1897 605 1966 fluctus
625 1900 750 1966 medios
762 1901 924 1990 Aquilone
940 1901 1092 1965 secabant

226 2011 333 2076 Litora
344 2034 448 2101 qumn
464 2013 607 2102 primum
625 2015 796 2097 Ausonia,
810 2013 1049 2104 Tyrrhenaque
1065 2032 1206 2080 cernunt

230 2125 374 2218 AEquora
386 2176 395 2209 ‚
409 2144 443 2193 et
459 2128 548 2195 AEeae
563 2145 695 2219 portum
713 2131 842 2196 subiere
859 2130 991 2196 sororis.
1219 2149 1254 2199 19⁵

226 2241 377 2308 Anchora
397 2261 466 2308 tum
482 2245 598 2310 fundat
611 2247 729 2311 vocalis
745 2245 865 2311 robora
878 2247 1009 2335 puppis.

227 2357 288 2422 Hic
301 2359 392 2424 Circe
408 2359 532 2448 liquido
551 2363 709 2452 purgabat
730 2362 763 2426 in
784 2383 915 2451 aequore
933 2360 1097 2438 membra,

225 2475 399 2540 Terrorem
416 2477 521 2541 noctis
536 2479 675 2568 lymphis
697 2494 731 2542 et
747 2480 873 2543 somnia
893 2479 1045 2544 lustrans.

225 2589 387 2680 Sanguine
406 2613 480 2656 nam
496 2593 644 2675 thalami,
669 2592 805 2675 domus,
825 2609 859 2658 et
872 2593 1048 2681 penetralia
1069 2609 1186 2657 cuncta

224 2705 315 2770 Flere
331 2705 543 2786 videbantur;
561 2706 673 2795 rapido
692 2729 766 2770 nam
786 2707 917 2772 turbine
932 2707 1014 2772 vidit

224 2819 364 2903 Involvi‚
387 2844 424 2885 ac
440 2821 515 2884 totis
533 2821 667 2885 volitare
689 2823 860 2910 penatibus
877 2823 1006 2909 ignem,

226 2933 266 2998 Et
285 2936 381 3000 simul
399 2958 496 3000 omne
511 2937 601 3000 nefas
620 2934 748 2999 flamma
763 2937 940 3024 crepitante
960 2939 1116 3001 cremari:

225 3051 333 3132 Quare
350 3050 423 3115 dira
438 3067 569 3138 potens,
585 3051 680 3140 primi
696 3052 758 3116 sub
771 3052 897 3116 lumina
910 3051 1006 3132 solis,

225 3165 378 3254 AEquoris
397 3166 538 3232 intrabat
552 3167 678 3232 latices:
696 3166 874 3256 fusumque
890 3189 950 3254 per
965 3166 1101 3230 herbam

226 3280 332 3345 Omne
349 3303 452 3371 genus
470 3280 635 3370 pecudum
656 3281 808 3347 florentes
826 3281 961 3347 demetit
977 3304 1090 3373 agros,
1214 3301 1252 3338 20⁵

224 3396 310 3460 Olim
327 3420 399 3485 quae
417 3397 541 3486 magico
558 3397 682 3462 Perseis
702 3398 846 3461 carmine
860 3399 952 3461 Circe

220 3511 332 3574 lunxit
347 3509 506 3600 adoptatis
523 3509 674 3575 informia
691 3533 827 3600 corpora
844 3512 1015 3594 membris,

220 3625 480 3714 Taurisonosque
503 3627 617 3715 lupos,
635 3642 669 3690 et
684 3627 913 3692 semihomines
927 3629 1125 3710 Centauros;

220 3740 261 3804 Et
280 3739 399 3804 rabidae
415 3743 502 3831 rugit
520 3764 653 3830 serpens
670 3765 814 3806 connexa
834 3743 959 3826 lemnae,

220 3855 468 3944 semicaperque
487 3858 600 3946 lepus,
619 3858 846 3947 variarumque
862 3881 919 3923 ora
934 3853 1088 3926 ferarum.
1211 3893 1232 3918 ιι

219 3971 342 4036 Heroes
361 3970 476 4062 ingens
492 3973 578 4062 cepit
595 3989 729 4062 stupor:
746 3974 852 4038 omnis
870 3975 1031 4040 Achivum

218 4085 369 4178 Effigiem
388 4089 496 4154 Circes
515 4105 547 4154 et
567 4091 688 4156 lumina
707 4106 796 4154 torva
811 4090 963 4170 juventus
