2994 4702
496 358 925 426 ARGONAU'I'ARUM.
1181 359 1239 422 351

179 485 412 573 Periclymeni,
438 485 494 572 qui
517 484 616 548 autho
642 505 773 572 quoquc
800 482 886 546 inter
910 483 1111 571 Argonautas
1135 481 1243 561 fuere;

178 591 250 654 vide
267 590 374 654 Schol.
395 590 578 678 Apollonii,
600 591 635 670 Ι,
660 587 730 654 156.

222 805 463 886 ATALANTA,
485 804 632 868 Schoenei
651 802 733 886 filia,
758 804 824 868 sive
845 804 941 868 altera
964 803 1037 867 Jesii
1063 801 1146 867 filia:
1167 827 1242 867 nam

178 911 365 976 confudisse
381 911 476 992 duas,
493 909 612 976 docent
629 925 713 974 notae
729 908 769 972 ad
786 907 879 974 Ouid.
896 903 1138 990 Metam.'Vlll‚
1160 908 1243 984 318,
1267 903 1270 914 '

179 1033 212 1080 et
227 1017 276 1097 X,
296 1016 374 1097 565,
391 1016 446 1079 ubi
472 1014 511 1080 de
534 1015 595 1080 illis
613 1015 688 1080 satis
710 1013 845 1080 dictum.
871 1014 974 1078 Unica
997 1014 1065 1078 haec
1086 1015 1170 1078 inter
1193 1030 1243 1078 tot

179 1123 265 1187 viros
288 1122 412 1210 puelle,
435 1121 462 1184 si
492 1119 552 1184 diis
577 1120 699 1210 placet,
724 1117 789 1183 hoo
812 1119 874 1183 iter
897 1119 1040 1207 ingressa
1062 1119 1181 1184 dicitur
1203 1121 1244 1184 ab

180 1226 395 1315 Apollodoro,
408 1226 463 1291 lib.
477 1225 512 1308 1,
528 1247 596 1316 cap.
610 1246 651 1312 9,
670 1230 688 1307 §
704 1225 758 1306 16,
775 1241 808 1290 et
825 1224 969 1289 Diodoro
985 1225 1105 1308 Siculo,
1117 1226 1173 1292 lib.
1187 1227 1243 1309 IV,

179 1357 210 1426 p.
231 1332 308 1420 1753
333 1333 385 1398 alii
401 1354 479 1397 vero
498 1355 610 1397 omnes
624 1332 709 1396 hanc
725 1332 839 1414 majori
855 1355 931 1396 cum
948 1332 1053 1420 specie
1067 1335 1135 1396 veri
1152 1335 1246 1400 ornit-

179 1456 264 1504 tunt.
288 1439 437 1527 Apollon.
454 1439 510 1504 lib.
530 1439 565 1520 l,
583 1461 664 1502 vers.
683 1461 765 1527 709,
782 1437 861 1502 dicit
884 1440 1000 1504 lasona
1020 1439 1172 1504 hahuisse
1188 1441 1245 1506 ha·

178 1563 277 1626 stam,
292 1567 391 1633 quam
410 1544 570 1634 hospitale
593 1567 713 1611 munus
735 1545 776 1610 ab
802 1543 963 1608 Atalanta
980 1561 1160 1633 acceperat,
1186 1547 1244 1612 ubi

177 1653 371 1717 scholiastes
390 1673 460 1716 eam
477 1650 603 1716 Iasonis
626 1649 702 1738 (sed
717 1651 778 1740 leg.
794 1649 896 1731 Iasii,
915 1665 953 1714 ut
970 1668 1057 1715 recte
1078 1651 1185 1720 Barth.
1202 1652 1243 1716 nd

180 1758 257 1824 Stat.
274 1756 377 1824 Theb.
389 1755 450 1838 Vl,
474 1755 556 1836 504,
574 1755 735 1842 observat)
753 1753 850 1823 liliam
867 1755 959 1838 lacit,
974 1779 1046 1844 quae
1065 1771 1164 1845 nuptu
1180 1759 1243 1824 Mi·

180 1862 302 1928 lanioni
317 1862 398 1944 fuit,
418 1861 618 1950 distinguens
634 1861 675 1926 ab
693 1861 791 1930 altera
807 1861 954 1931 Schoenei
973 1860 1046 1926 lilia.

224 2101 406 2182 AUGEAS,
420 2099 502 2164 Solis
518 2097 621 2180 filius,
638 2113 676 2162 ur
686 2097 825 2162 vidimus
842 2099 876 2160 in
892 2099 1027 2178 Actora,
1046 2117 1243 2164 memoratur

180 2207 222 2272 ah
252 2208 404 2296 Orpheo,
427 2229 473 2274 vs.
503 2227 586 2286 ²123
608 2203 803 2293 Apollonio,
828 2203 864 2283 1,
899 2226 979 2290 172,
1007 2221 1040 2268 et
1064 2206 1133 2286 ΙΙΙ,
1160 2205 1244 2288 36ι;

181 2314 310 2402 Hygino
323 2328 356 2376 et
368 2309 581 2400 Apollodor03
598 2309 654 2374 sed
670 2310 831 2374 omittitur
846 2331 865 2372 a
878 2309 1014 2374 Valerio.
1029 2313 1079 2375 An
1097 2313 1241 2400 Argeas,

181 2441 221 2483 an
237 2420 363 2506 Augias
377 2416 534 2482 dicendus
552 2417 611 2499 sit,
635 2415 777 2505 disputat
794 2414 837 2480 ad
850 2416 955 2480 Veler.
972 2416 1018 2480 Fl.
1037 2415 1067 2497 Ι,
1096 2415 1160 2502 394
1177 2417 1245 2482 Ma·

142 2523 146 2532 ’
181 2527 300 2608 serius,
319 2525 376 2589 ubi
394 2524 526 2613 quidam
542 2522 669 2588 codices
686 2545 746 2612 pro
758 2522 987 2609 ButeAEgeum
1002 2522 1139 2606 habent;
1156 2525 1246 2590 uude

181 2631 337 2696 Maserius
361 2653 471 2695 ansam
496 2630 630 2718 arripuit
649 2628 690 2692 de
705 2631 816 2716 Augia
835 2628 930 2692 etium
953 2629 1079 2718 agendi.
1102 2635 1246 2718 Augeom

181 2738 277 2802 etium
301 2736 363 2801 dici
385 2757 479 2824 posse
504 2733 641 2799 credidit
658 2727 837 2798 Munkerus
855 2757 894 2798 ex
908 2733 1032 2813 judicio
1055 2737 1177 2800 Heinsii
1205 2739 1246 2802 ad

182 2843 301 2932 Hygin.
325 2841 388 2905 tab.
408 2841 469 2920 3o;
486 2839 543 2904 sed
563 2839 627 2902 hoc
653 2859 693 2902 ex
717 2837 854 2902 flexione
876 2861 976 2928 groeca
998 2841 1124 2904 venisse
1147 2859 1245 2928 puto,

182 2949 258 3036 quis
271 2957 376 3028 Αὑγιίας
391 2955 495 3027 stulu»
510 2945 545 3010 in
561 2943 702 3034 genitivo
717 2943 827 3007 habet.
842 2943 978 3006 Matrem
992 2944 1061 3024 ejus
1078 2947 1245 3035 Hyginus,

182 3053 246 3118 fab.
266 3057 323 3134 14,
351 3051 427 3114 facit
443 3049 671 3139 Naupt’damen
686 3048 965 3138 Amphidamantis
987 3047 1108 3130 liliam;
1131 3053 1189 3138 qui
1218 3053 1244 3115 si

182 3157 414 3248 Amplu'damos
430 3158 615 3246 Argonauta
633 3156 749 3236 luerit,
766 3158 847 3218 avus'
861 3171 894 3218 et
912 3175 1012 3242 nepos
1025 3155 1104 3220 huio
1121 3158 1248 3244 expedi·

185 3265 264 3328 tioni
291 3263 388 3328 simul
414 3262 598 3326 interfuisse
622 3260 823 3342 debuerunt3
845 3260 916 3324 huto
939 3282 1016 3324 vero
1043 3261 1248 3350 Naupliiame

181 3389 315 3458 'prorsus
333 3371 454 3460 ignota.
469 3371 590 3456 Aogece
604 3391 682 3433 vero
696 3389 816 3432 nomen
841 3367 926 3432 forte
937 3366 1057 3432 habere
1073 3369 1180 3455 potuit
1205 3371 1246 3435 ab

183 3477 275 3564 Ange
281 3523 292 3556 ‚
304 3497 416 3540 sorore
427 3473 705 3561 Amphidamantis
719 3474 768 3538 uvi
780 3473 845 3554 sui,
862 3471 902 3536 de
912 3495 975 3560 qus
984 3494 1082 3560 supra
1094 3471 1245 3544 vidimus.

183 3581 328 3663 Tisaeo,
348 3579 483 3646 Chiliad.
503 3579 557 3660 Ν,
574 3579 644 3667 137,
661 3601 732 3668 pag.
742 3579 797 3659 65,
814 3579 900 3642 inter
913 3577 994 3642 Solis
1011 3578 1089 3642 filius
1103 3599 1249 3648 recenset
1349 3623 1352 3634 ι

183 3684 328 3770 Augeam
346 3681 540 3770 exhibiles,
555 3703 628 3770 quae
646 3703 737 3768 teque
753 3681 864 3770 ignota
881 3679 963 3743 mihi
978 3702 1015 3745 ac
1033 3681 1247 3770 Nauptiame.

184 3787 376 3853 scholiastes
389 3787 571 3876 Apollonii,
589 3788 646 3876 qui
663 3785 795 3850 nomine
810 3784 911 3866 Solis,
930 3807 1040 3850 revera
1055 3787 1249 3856 Phorbantis

185 3891 286 3957 lilium
297 3895 395 3957 luisse
405 3895 536 3982 Augean
547 3895 659 3968 refert,
671 3891 749 3958 dicit
756 3907 891 3956 matrem
904 3892 1002 3956 fuisse
1011 3891 1126 3978 Nyctei
1134 3893 1247 3979 filiam,

185 3998 237 4060 alii
258 4021 334 4061 vero
351 3998 472 4086 Epoclti
486 3997 602 4078 filiam,
625 3997 665 4062 de
682 4020 748 4084 quo
772 3997 845 4060 loco
862 3997 912 4084 egi
936 3995 977 4061 ad
1002 3996 1095 4061 Ovid.
1116 3999 1247 4065 Metam.

186 4103 236 4181 ll,
256 4101 337 4188 5933
354 4102 493 4188 ideoque
509 4103 562 4167 hic
582 4126 648 4168 non
670 4119 791 4190 repeto.
811 4099 945 4188 Reliqua
961 4100 1002 4166 de
1018 4104 1154 4188 Aegea,
1180 4107 1248 4184 ejus
