3006 4676
418 367 825 451 ARGONAUTICON,
844 367 931 430 LIB.
954 365 997 428 X.-
1177 357 1236 422 464

218 504 355 594 Palpitat
367 501 485 591 exiguo
498 495 628 588 frigenti
642 513 779 582 corpore
795 486 908 555 cauda.

219 615 401 706 Suppositis
414 635 492 679 vero
510 610 607 700 capiti
623 606 837 673 candentibus
857 603 965 684 ulnis,

218 728 412 820 Hesperides
429 723 545 816 tepidis
562 719 984 789 1444414144444414441441144440444.Ι

219 842 390 931 Improvisi
406 840 525 905 adsunt
537 837 658 927 Minyas
670 858 678 900 :
692 832 897 900 venientibus
915 830 976 894 illis

216 959 313 1050 Signa
328 955 420 1023 dedit
429 955 535 1046 pulvis
549 951 684 1018 nitidam
702 949 848 1016 sublatus
864 947 899 1010 in
917 945 1061 1010 tethram'.
1204 957 1243 1000 44ο

218 1073 365 1138 Monstra
380 1071 489 1137 bonus
504 1067 612 1135 divina
627 1081 760 1156 repente
775 1075 949 1153 agnoverat
966 1056 1137 1146 Orpheus,

220 1188 441 1273 Hortatusque
458 1181 534 1248 deas
551 1179 679 1247 blandis
694 1179 738 1243 ita
753 1175 889 1242 vocibus
908 1172 1001 1238 infit:
1126 1193 1127 1198 ¹

264 1330 278 1356 ι
291 1297 473 1364 Prudentes
490 1295 698 1387 pulchrasque
714 1290 800 1374 dete,
817 1313 875 1356 seu
889 1289 1024 1354 numina
1038 1285 1125 1366 caeli,

219 1415 283 1482 Seu
299 1430 391 1480 terne
406 1413 526 1504 reginae
542 1411 635 1492 estis,
651 1427 890 1494 nemorumque
906 1425 1091 1484 sacrorum,

220 1529 340 1595 Adsitis
359 1527 536 1618 Nymphae,
553 1549 573 1589 0
589 1524 750 1614 Nymphae
766 1518 971 1587 Oceanitides
987 1517 1095 1599 almas,
1203 1533 1242 1579 us

221 1643 333 1708 Dicite'
342 1643 401 1707 ubi
416 1641 569 1708 scatebris
588 1663 646 1730 per
661 1659 787 1703 summa
802 1635 970 1700 cacumina
989 1632 1100 1700 labens

222 1755 366 1823 Profluat
382 1755 488 1840 unda,
502 1776 631 1821 sacerve
646 1753 769 1842 liquor,
786 1771 854 1839 quo
867 1749 989 1814 viscera
1005 1761 1132 1812 torrens

222 1871 342 1936 Intima
356 1872 471 1936 anhela
487 1870 556 1935 sitis
569 1868 725 1960 populato
741 1889 759 1931 e
773 1881 904 1954 pectore
923 1861 1025 1927 cedat.

220 1984 320 2067 Quod
337 1986 364 2050 si
381 1986 465 2050 forte
484 1985 596 2050 datum
615 1998 664 2048 est
683 1982 755 2048 latis
779 1982 813 2060 in
830 1980 964 2044 amicius
982 1999 1096 2042 arrum

221 2097 262 2160 Et
279 2097 420 2184 patrium
438 2096 573 2161 rediisse
590 2097 713 2180 solum,
729 2112 811 2161 tunc
827 2115 963 2158 munera
980 2092 1061 2183 grati
1202 2107 1243 2154 444

220 2211 413 2294 Innumera,
432 2228 464 2277 et
475 2210 589 2277 restris
602 2211 746 2299 primum
759 2208 932 2274 libabimus
946 2207 1028 2288 aris,

220 2327 267 2390 Ac
284 2325 411 2417 Minyas
427 2341 504 2394 voto
520 2326 656 2392 reduces
674 2325 870 2394 damnabitis
887 2347 1002 2390 omnes
1014 2355 1037 2388 ι.

263 2440 470 2529 Supplicibus
484 2441 592 2506 verbis
609 2441 655 2506 sic
669 2440 774 2524 fatus,
788 2437 911 2507 numen
927 2439 1040 2505 adorat

220 2553 467 2643 Nympharum:
486 2554 595 2620 faciles
611 2556 678 2620 illas
690 2557 895 2621 miserescere
913 2570 1045 2620 moestos

221 2668 403 2756 Incipiunt,
418 2671 601 2759 herbasque
619 2670 740 2736 docent
754 2673 877 2762 uligine
893 2672 994 2738 multa
1206 2689 1243 2736 445

223 2779 379 2870 lniguas,
396 2781 516 2870 quibus
530 2781 619 2848 unda
635 2784 788 2873 frequens
804 2809 879 2850 cum
896 2809 1065 2866 murmure
1078 2789 1178 2876 serpit

222 2894 417 2980 Somnilico,
433 2898 527 2962 variis
546 2897 749 2989 distinguens
765 2897 901 2963 floribus
919 2921 1011 2983 arra,

222 3011 440 3100 Arboreisque
455 3013 579 3094 comis;
597 3011 652 3077 bic
669 3015 813 3101 Hespero
828 3014 988 3102 populus,
1006 3013 1100 3104 AEgle

222 3125 321 3191 Versa
338 3127 427 3190 subit
444 3147 548 3191 sacras
563 3127 691 3211 salices,
710 3128 901 3216 ulmumque
915 3127 1076 3216 Erytheis.

223 3239 280 3303 His
297 3239 407 3305 subito
422 3238 593 3306 arboribus
609 3242 838 3331 Nympharum
854 3241 1022 3331 pulchrior
1036 3243 1130 3334 AEgle
1204 3261 1243 3308 rso

147 3405 151 3413 .
222 3353 275 3420 Sic
287 3354 413 3420 blandis
427 3354 555 3445 Minyas
569 3357 675 3422 verbis
691 3357 809 3422 ellatur
825 3373 978 3447 egentes:

268 3471 397 3551 sCerte,
412 3468 484 3535 diva
502 3469 635 3548 cohors,
652 3471 793 3562 rigidum
811 3473 1010 3561 quicumque
1028 3472 1202 3538 draconem

223 3583 371 3648 Consecit
388 3584 536 3673 pridem,
553 3585 609 3672 qui
628 3585 723 3650 nobis
739 3609 836 3650 aurea
853 3587 934 3650 mala

225 3695 394 3778 Servabat,
407 3695 500 3762 vobis
516 3697 572 3763 hic
589 3698 761 3764 commoda
779 3723 895 3790 magna
910 3700 1050 3789 paravit,

223 3809 285 3874 Sed
301 3811 457 3901 lacrymas
475 3813 637 3903 Nymphis
654 3829 838 3904 eternaque
854 3815 971 3880 damna
988 3816 1127 3904 reliquit.
1202 3836 1242 3880 444

222 3923 340 3990 Nescio
357 3927 429 4014 quis
448 3946 549 3992 soerus
565 3930 737 4018 peregrino
754 3929 891 4019 claviger
906 3930 1001 4012 orbe,

222 4040 366 4129 Corpore
381 4041 514 4106 terribili
531 4058 629 4132 atque
643 4043 761 4127 oculis,
776 4044 830 4108 cui
844 4047 953 4108 lronte
966 4043 1132 4110 tremenda
