3022 4678
454 305 854 394 'nnoonsnrscon
883 333 971 400 nro.
996 336 1077 402 vn.
1257 371 1300 436 99

279 451 344 515 Ore
357 451 476 518 fremit.
492 453 637 518 Succede
648 476 746 532 mese,
760 457 951 545 fortissime,
966 465 1073 550 laudi,

277 563 319 626 Et
329 581 458 632 nostros
473 569 596 649 recole,
608 568 744 657 hospes,
757 594 871 662 agros:
886 599 947 641 nec
957 581 1080 646 semina
1091 581 1243 665 deerunt,

277 676 360 759 Quae
373 680 463 768 prius
476 681 545 770 ipse
559 679 691 764 dabern,
705 700 738 748 et
749 709 883 772 messos,
897 715 977 779 quas
989 696 1077 762 solus
1088 698 1229 768 obibam.

276 793 424 858 Consiliis
436 818 502 860 nox
513 819 579 862 una
590 801 683 884 satis,
696 819 871 891 tecumque
881 823 1015 872 retracta

276 905 424 996 Cumque
435 910 499 974 tuis
511 910 579 976 hoec
588 911 675 991 jussa
686 915 771 1002 deis3
786 941 823 982 nc
834 919 861 982 si
874 920 955 1008 quid
965 923 998 986 in
1010 925 1073 990 isto
1084 943 1133 992 est

275 1019 422 1107 Robore,
433 1024 577 1113 predicti
587 1029 695 1094 venies
708 1031 741 1094 in
752 1054 828 1098 rura
839 1033 967 1101 laboris.

273 1136 346 1226 Ipse
358 1137 499 1204 incertus
510 1139 634 1224 adhue,
645 1145 788 1211 tenebris
798 1163 831 1212 te
841 1150 990 1235 protinus
1004 1153 1064 1219 illis

275 1251 400 1318 [nvolvi
414 1251 618 1343 flammisque
630 1259 746 1342 velim,
761 1259 879 1327 durare
892 1287 1066 1356 parumper

272 1367 322 1428 An
336 1367 454 1456 magis,
468 1391 579 1440 eyerso
590 1369 686 1452 jacias
699 1373 778 1439 dum
789 1377 912 1442 semina
924 1402 1056 1470 eampo,

273 1481 322 1543 An
334 1482 391 1547 tibi
403 1483 534 1551 Cadmei
545 1485 626 1552 dum
637 1489 769 1553 seminis
779 1507 871 1555 exest
879 1491 975 1581 hydri

272 1593 383 1679 Miles,
401 1614 433 1663 ot
446 1612 565 1664 armato
582 1599 752 1668 florescant
767 1605 855 1692 pube
871 1607 1034 1674 novales.»

315 1707 392 1774 Filia
405 1713 509 1800 prima
523 1713 622 1778 trucis
634 1737 747 1780 vocem
762 1717 875 1782 mirata
888 1724 1018 1808 tyranni

272 1827 386 1906 Haesit,
400 1844 432 1893 et
443 1828 485 1893 ad
491 1831 645 1911 juvenem
657 1832 807 1919 pallentia
820 1837 944 1901 rettulit
955 1861 1029 1921 ora,

264 1940 542 2030 Contremuitque
554 1959 661 2028 metu,
674 1967 715 2008 ne
727 1947 854 2014 nescius
866 1949 985 2016 audeat
998 1952 1136 2042 hospes,
1269 1984 1293 2022 so
1333 1997 1343 2004 -

1275 857 1300 895 ⁷0

257 2164 295 2211 7¹·
311 2151 338 2196 Si
355 2149 407 2211 quis
424 2151 447 2195 in
463 2153 505 2196 s'sto
521 2162 561 2196 est.
576 2151 668 2197 Bonom
689 2147 742 2198 edd.
760 2166 790 2188 -ι-
807 2166 844 2212 7²·
856 2155 969 2201 *Veniens
986 2158 1076 2204 Bonom
1092 2159 1146 2207 eod.
1166 2161 1256 2209 bonon.
1272 2167 1290 2211 1.

226 2228 291 2276 lunt.
302 2229 356 2274 hid.
370 2230 441 2275 Forte
448 2229 549 2291 produit
563 2229 697 2290 legendum.
714 2255 745 2265 -
759 2231 798 2290 75.
811 2235 900 2295 Aeger}
910 2237 933 2280 s'n
942 2245 1028 2282 ‘everso
1039 2238 1102 2284 Msle
1116 2239 1170 2286 Ald.
1186 2254 1215 2288 ex
1226 2247 1293 2306 conj.

227 2309 320 2356 Inversa.
333 2309 412 2356 fletus.
425 2323 454 2355 ex
463 2309 526 2370 conj.
541 2309 608 2356 bene.
624 2333 654 2346 -—
664 2324 701 2372 79.
711 2311 777 2356 Exit.
790 2311 880 2358 eonon
897 2322 922 2358 et
932 2313 1011 2359 Burin.
1027 2316 1097 2363 codd.
1113 2327 1185 2396 etrs.
1197 2322 1291 2386 subseq.

226 2403 273 2433 non
283 2403 350 2450 posse
363 2387 434 2435 iidem
449 2387 520 2436 codd.
531 2415 561 2424 -
571 2389 610 2436 to.
622 2391 657 2438 Ne
667 2388 778 2436 omissum
789 2391 813 2438 in
822 2378 875 2438 Vit
888 2391 942 2440 eod.
952 2395 995 2440 Eo.

224 2592 323 2646 usque,
334 2577 408 2627 dedit.
418 2569 489 2628 iram
498 2585 635 2629 taurorum
650 2577 733 2647 magis
806 2579 894 2648 '71.Si
908 2587 969 2649 quid
980 2585 1035 2656 spei
1046 2588 1103 2658 (sio
1120 2589 1229 2659 pinon
1245 2597 1291 2646 isto

223 2654 360 2708 exornavit
371 2655 491 2708 Valerius
507 2673 588 2726 quem
608 2656 732 2728 Apollon.
777 2669 823 2710 tuo
834 2663 918 2714 robore
932 2678 981 2725 est,
993 2670 1079 2718 venies
1093 2670 1118 2719 in
1129 2689 1187 2722 rura
1201 2675 1291 2726 laboris

224 2734 285 2798 111,
299 2741 349 2802 4⁰9
360 2751 398 2806 sq.
656 2753 659 2760 ’
771 2741 902 2804 predicti,
930 2758 989 2812 quae
1014 2743 1089 2814 plens
1111 2747 1209 2802 loboris
1236 2770 1292 2805 esse

259 2815 302 2883 67.
315 2817 420 2865 Siscoede
424 2849 433 2874 ‚
437 2813 574 2882 fortissime
583 2815 593 2882 (
602 2812 701 2866 ironice
710 2818 732 2883 ),
776 2813 824 2867 tihi
837 2817 956 2888 predixi.
968 2819 1020 2873 En.
1086 2867 1089 2876 .

223 2913 284 2946 meoe
297 2896 367 2944 tandi
377 2931 385 2956 ,
396 2892 478 2958 mihi,
493 2907 517 2944 et
529 2907 623 2944 nostros
637 2897 731 2955 recole,
810 2891 854 2964 73.
864 2902 921 2964 Ipse
929 2900 1034 2950 incertus
1045 2919 1104 2954 sum
1116 2908 1209 2968 adsue,
1222 2925 1289 2962 tene·

222 2971 268 3042 qui
290 2970 336 3025 diu
360 2972 531 3043 quieverunt,
549 2970 638 3023 denuo
661 2991 733 3038 ares,
776 2976 824 3024 bris
836 2977 920 3029 noctis
933 2989 958 3029 te
969 2979 1057 3032 statim
1061 2984 1223 3052 flammisque
1235 3000 1292 3042 tau·

223 3069 304 3104 noves
320 3051 409 3120 (conf.
425 3069 449 3104 v.
468 3053 531 3121 77),
549 3069 635 3119 agros.
652 3050 732 3105 Ovid.
777 3069 866 3104 rorum
876 3057 975 3118 involvi,
988 3058 1088 3124 veleri,
1103 3063 1288 3134 suffocari,an

223 3127 398 3197 Met.l‚647‚
415 3134 507 3181 rentlta
518 3143 592 3180 terra.
773 3149 906 3201 parumper
917 3138 1021 3197 dirrare,
1037 3139 1174 3208 paululum
1188 3155 1289 3218 tempo-

257 3211 302 3264 68.
313 3211 468 3262 Nersernina
477 3211 593 3269 deerunt,
605 3219 630 3261 et
639 3206 732 3262 eadem
775 3210 811 3264 ris
826 3213 905 3265 vitem
921 3225 946 3266 te
964 3214 1083 3283 trahere,
1096 3223 1186 3283 velim,
1209 3229 1287 3279 donee

221 3287 346 3360 quidem,
367 3305 425 3360 quse
446 3287 503 3358 ipse
522 3305 643 3359 spargere
665 3288 731 3341 sole·
775 3309 870 3352 everso,
894 3311 1002 3346 vomere
1029 3298 1176 3367 proscisso,
1201 3323 1288 3373 cornpo

220 3371 296 3430 bam,
306 3385 330 3421 es
339 3387 443 3428 messes,
456 3387 518 3434 quas
530 3371 595 3418 solus
604 3371 615 3436 (
625 3367 676 3420 hoo
685 3387 731 3439 op-
775 3372 870 3420 semina
884 3374 982 3440 jacias,
1002 3377 1081 3426 donec
1099 3381 1167 3429 miles
1189 3385 1287 3434 seminis

220 3449 337 3520 positum
355 3445 523 3519 sequentibus
544 3447 590 3496 diis
609 3449 674 3516 tuis)
688 3450 730 3496 ob·
774 3451 847 3512 hydri
864 3454 964 3502 ardmei
977 3469 1062 3513 exeat,
1078 3469 1178 3510 armate
1193 3477 1287 3516 manus

218 3533 292 3581 ibam.
316 3526 461 3582 Obscurius
484 3525 536 3578 hoc
560 3523 646 3577 innuit
667 3543 729 3590 rex,
773 3547 805 3580 ex
826 3528 947 3583 dentibus
965 3529 1088 3585 draconis
1108 3538 1284 3610 propullulet,

219 3626 273 3661 non
287 3606 428 3660 nominatis
440 3603 587 3658 drnoonmn
599 3600 730 3670 dentibus,
773 3621 797 3658 et
801 3611 941 3678 florescant
950 3613 1015 3677 pube
1027 3616 1142 3678 novales,
1152 3614 1201 3668 flos
1209 3618 1285 3688 juve.

218 3705 328 3758 sperans
348 3683 461 3758 qnippe,
475 3681 549 3737 haud
567 3701 658 3755 parem
673 3683 729 3736 fore
772 3703 837 3738 num
848 3685 990 3756 vigentium
1001 3687 1104 3744 esuiois
1118 3693 1198 3747 modo
1207 3700 1279 3766 sctis,

219 3765 301 3818 tauris
314 3765 446 3820 Iasonem.
772 3765 872 3816 recultn
884 3777 952 3817 terra
960 3806 968 3831 ,
977 3781 1133 3836 procrescnt.

182 3861 186 3872 ’
253 3841 728 3916 70.Consiliishddeliberandumnor
807 3843 1022 3912 77·81.Quidod
1036 3846 1091 3900 hec
1109 3849 1221 3905 Medea?
1238 3861 1286 3908 Pri·

217 3945 268 3976 sana
279 3928 491 3991 satis,tecumque
500 3943 604 3990 cumque
613 3925 664 3972 deis
672 3923 725 3978 mis,
773 3941 814 3972 ma
828 3923 895 3989 fuit,
919 3941 977 3993 quae
1001 3936 1053 3978 tam
1077 3931 1174 3984 tirocis
1204 3937 1284 4004 patris

217 4023 283 4076 quos
311 4006 412 4074 jactes,
439 4005 491 4054 hoee
508 4003 582 4070 jussa
604 4015 727 4062 retracta,
770 4005 843 4072 jussa
857 4001 1004 4055 miraretur.
1019 4009 1108 4066 Hoesr't,
1121 4007 1162 4060 vix
1176 4012 1284 4065 auribus

216 4083 298 4154 probe
307 4081 448 4155 perpende,
774 4077 871 4140 eredit,
888 4083 1009 4146 pollentio
1029 4089 1066 4134 ad
1077 4087 1191 4152 juvenem
1212 4093 1286 4158 resen

1226 4221 1231 4228 ,

1071 4280 1107 4298 Ad
1153 4270 1160 4282 ὁ
1216 4266 1222 4275 '¹

1153 4301 1160 4310 d
1217 4299 1247 4317 ¹¹

1154 4337 1160 4342 ,
1217 4327 1222 4336 .
