3022 4678
242 333 286 420 96
545 331 581 394 c.
605 329 798 394 raanan
827 327 996 392 annom

283 460 367 524 Vota
379 458 487 547 prius,
503 471 675 545 captaeque
689 454 757 520 dcis
771 453 945 521 accendere
957 452 1098 545 prodas,

283 572 471 652 Prominet,
489 586 586 658 atque
603 569 717 634 oculos
734 570 955 659 langerano,
972 589 1069 634 aurea
1087 568 1114 632 si
1128 567 1194 648 jorn
1285 593 1310 631 aa

283 687 399 768 Pellis,
414 701 447 750 et
459 683 574 749 oblatis
588 684 764 774 clarescant
775 684 855 747 atria
867 682 959 748 villis.

327 797 385 862 Ille
402 813 511 861 autem
525 795 654 877 jamjam
671 798 778 861 vultus
791 819 952 884 vocesque
964 811 1088 885 paratae

285 915 370 978 Ante
383 911 504 1000 aperit,
519 911 707 1000 rumpitque.
721 931 847 992 morae,
861 911 960 998 inque
972 909 1042 998 ipsa
1053 907 1209 974 morantis

285 1028 416 1092 Prosilit
431 1049 488 1090 ora
503 1026 580 1108 viri,
595 1027 716 1114 talique
729 1024 911 1090 effunditur
922 1025 989 1089 ira:

284 1142 398 1207 «Orbe
413 1157 498 1206 satos
510 1140 664 1223 alio,sua
676 1141 770 1205 litora
782 1161 947 1228 regnaque
958 1138 1132 1218 habentes,
1286 1153 1310 1194 3⁵

285 1259 368 1342 Quis
380 1256 473 1322 furor
484 1257 542 1320 has
555 1255 670 1328 mediis
683 1271 733 1320 tot
745 1251 897 1319 fluctibus
910 1253 976 1342 egit
986 1253 1022 1316 in
1033 1273 1123 1326 oras,

286 1373 408 1456 Quisve
420 1373 485 1436 mei
497 1395 555 1437 vos
567 1387 677 1435 tantus
689 1369 802 1434 amor?
814 1369 867 1433 Tu
877 1367 981 1456 prima
992 1348 1153 1430 malorum

284 1487 387 1550 Causa
399 1484 497 1565 mihi,
510 1500 545 1548 tu
555 1532 565 1566 ‚
576 1484 705 1572 Phryne
717 1504 833 1572 genem
846 1504 915 1545 non
928 1496 960 1545 tc
973 1501 1105 1569 aequore
1115 1499 1277 1557 mersum,

285 1601 363 1684 Quo
374 1614 533 1681 soror‚ut
546 1597 622 1662 felix
636 1597 743 1662 nullos
755 1619 845 1660 nunc
856 1596 990 1660 nomine
1002 1593 1115 1658 Graios
1284 1610 1312 1662 ³⁹

284 1713 422 1778 Nossem
440 1714 516 1802 ego!
538 1712 621 1795 Quia
637 1733 752 1801 regum
763 1710 880 1794 Pelias,
892 1711 965 1798 quis
976 1707 1229 1792 Thessalus,aut
1240 1730 1312 1796 qum

271 1882 309 1928 31.
321 1881 456 1927 claresceret
466 1895 555 1943 aspera.
575 1879 689 1925 Bonon.1
706 1887 730 1925 ct
740 1879 776 1932 Il,
791 1887 815 1925 et
831 1877 886 1926 add.
906 1888 960 1926 anta
977 1878 1042 1925 Gerr.
1052 1887 1137 1940 preter
1146 1887 1231 1925 reluat.
1239 1877 1312 1924 Paria.

243 1967 301 2006 teate
315 1957 380 2003 Cara.
399 1981 430 1991 —
446 1955 485 2002 ia.
496 1955 655 2016 Namjam...
669 1963 798 2017 parantem.
805 1954 880 2001 vnto.
893 1964 918 2001 ct
932 1957 1022 2002 Bonon.
1034 1954 1104 2001 codd.
1116 1953 1206 2001 Bonan.
1221 1955 1232 2000 l
1247 1953 1312 2001 etll.

242 2032 362 2095 Jamjam.
370 2066 387 2078 ..
399 2040 530 2093 parantem,
540 2038 563 2076 ct
571 2045 605 2075 ra.
617 2027 723 2090 sequenti
731 2060 738 2081 ‚
747 2031 809 2074 Ante
816 2031 882 2091 petit.
894 2029 949 2076 Ald-
961 2055 992 2065 -
1001 2029 1038 2077 33.
1047 2032 1108 2090 Ipse.
1116 2031 1207 2076 Bonum
1216 2029 1271 2076 cod.
1282 2053 1314 2064 -

243 2107 428 2169 Quondam.Vat.
446 2115 470 2151 et
483 2106 574 2152 Bonon.
590 2103 660 2150 codd.
675 2105 767 2149 lionon⁸
782 2103 801 2148 l.
814 2104 857 2150 En.

241 2254 350 2308 verbum
366 2247 618 2322 subintelligendum
633 2289 640 2314 ‚
654 2253 757 2302 reddere
801 2251 968 2324 splendorem
987 2267 1093 2326 apargat
1113 2273 1162 2327 per
1178 2253 1314 2326 palatium.

242 2334 284 2388 vel
294 2338 401 2393 salvem·
413 2349 482 2402 σερε
494 2329 565 2382 enim
581 2329 671 2380 Latini
680 2368 687 2394 ,
696 2347 757 2400 poe-
838 2331 925 2405 3²77·
936 2333 995 2386 Alia
1008 2345 1096 2388 tamen
1106 2334 1197 2388 omnia
1206 2345 1315 2386 manent

241 2413 315 2468 tanin
333 2410 446 2484 primia,
459 2407 565 2460 ‹luobua
578 2407 620 2460 rel
635 2408 757 2480 pluribus
800 2413 934 2466 lenonem.
953 2413 1082 2468 Oratione
1099 2413 1167 2485 regie
1186 2412 1315 2483 excipitur

242 2489 411 2566 substantiale
435 2504 521 2538 unum
551 2487 669 2557 jungunt
696 2505 756 2540 ver·
801 2491 1014 2559 inhumanitatis,
1030 2491 1321 2566 ouperhiae,acerbita-¹

243 2575 307 2624 bum
319 2585 415 2641 :quarn
423 2563 537 2636 liguram
544 2569 657 2633 Zeugma
666 2563 758 2620 Gram·
801 2571 834 2625 tia
852 2571 1038 2646 injustitiaque
1054 2572 1142 2643 plena.
1154 2577 1210 2623 Rea
1226 2581 1315 2624 autem

244 2650 334 2704 matici
346 2644 487 2719 appellant.
495 2643 538 2696 Sic
547 2643 686 2712 Tibullus,
697 2645 722 2714 I,
733 2654 759 2715 4,
802 2655 885 2704 arnicas
903 2651 938 2705 ad
956 2651 1119 2706 severitatem
1139 2649 1314 2721 compositor,

245 2729 294 2782 65:
318 2729 403 2787 Vivet,
420 2725 478 2774 dam
496 2723 584 2773 robora
599 2725 759 2786 tellrts,Drtm
802 2751 928 2799 vocesque
946 2734 1003 2800 jam
1027 2747 1084 2783 anae
1101 2743 1223 2798 paratas,
1249 2746 1315 2800 quae

245 2813 333 2859 cretum
362 2805 462 2861 stellas,
488 2804 547 2854 dum
575 2805 649 2854 vetar
678 2808 759 2858 munis
802 2810 1219 2884 praemeditatae‚commentatua
1232 2819 1317 2873 meet,

245 2905 341 2954 aquas,
355 2881 401 2935 ubi
417 2885 444 2937 ri
462 2884 535 2934 veter
545 2881 639 2936 ultimo
654 2894 760 2939 lantum
804 2894 897 2959 apen't,
906 2889 1005 2962 promit
1014 2928 1021 2954 ,
1030 2893 1165 2959 rumpitque
1175 2908 1257 2940 moras
1267 2925 1275 2948 ‚
1290 2898 1317 2940 et

245 2965 353 3040 proprie
373 2961 761 3037 accommodaripotect.1³roe·
804 2970 861 3024 aine
879 2988 966 3031 mora,
985 2973 1010 3021 in
1028 2973 1084 3037 ipsa
1101 2971 1236 3032 morantis,
1250 2985 1317 3020 non·

246 3051 292 3099 das
304 3063 366 3100 vero
384 3058 471 3112 captas
487 3049 623 3104 accendere
638 3045 761 3099 nonnulli
804 3046 870 3101 dum
881 3048 1000 3118 loquuti,
1014 3047 1119 3101 Jaaonia
1129 3087 1138 3111 ,
1147 3050 1244 3116 prosilit
1254 3065 1315 3105 cm,

246 3125 353 3196 proprie
366 3133 541 3194 acceperunt,
555 3141 604 3175 nec
616 3122 761 3195 aliqnando
805 3144 866 3180 eum
880 3127 981 3197 impetn
994 3125 1020 3177 in
1032 3143 1093 3178 emn
1104 3126 1247 3189 invehitur,
1261 3128 1316 3178 tali·
1328 3137 1337 3156 ⁸

247 3203 274 3257 id
291 3205 389 3256 lactum
402 3201 570 3272 negaverim
584 3201 648 3272 quid
662 3203 684 3254 ai
697 3221 762 3256 aero
806 3225 854 3272 que
869 3207 1006 3274 effimditcr
1018 3209 1072 3268 ira,
1086 3206 1123 3260 ita
1136 3205 1317 3277 tamquemul·

247 3281 282 3336 ad
304 3278 428 3334 eumdem
447 3279 501 3331 lere
522 3279 631 3333 modum
652 3280 761 3352 intelligi
807 3283 840 3335 tie
850 3283 938 3336 verbis
948 3283 1156 3357 indignationem
1165 3285 1251 3338 effen.

247 3361 332 3414 voluit
354 3368 448 3429 poeta,
476 3375 530 3429 qno
556 3356 762 3414 Groeci.dicunt
841 3361 883 3414 35.
896 3365 1046 3434 an'sfirror,
1061 3366 1163 3432 quisque
1179 3365 1317 3416 meirarrcrs

249 3443 309 3494 litte
325 3439 437 3511 γάμους,
452 3441 578 3509 quillto,
590 3448 639 3490 etc.
651 3449 680 3491 ut
694 3437 762 3490 nihil
805 3459 876 3493 anaor
886 3443 897 3511 (
906 3442 990 3495 ironia
1009 3441 1097 3515 lepida
1109 3443 1119 3509 )
1131 3462 1192 3504 vos,
1202 3434 1263 3494 ¹orbe
1274 3460 1318 3492 sa·

248 3515 443 3588 aliudintelligi
457 3514 678 3587 voluerit,‚quam
688 3535 775 3588 enom„
805 3533 842 3570 tor
861 3524 911 3573 alio
932 3523 1031 3590 (alieni
1050 3523 1128 3583 orbis,
1150 3518 1231 3574 Ovid.
1258 3519 1276 3572 1.
1300 3520 1318 3571 l.

247 3599 336 3652 lacere
348 3594 398 3648 diis
410 3597 445 3648 oh
456 3595 593 3649 victoriam
600 3595 716 3650 t-Vide
729 3596 764 3651 ad
809 3618 833 3653 r.
852 3619 882 3652 aa
892 3603 917 3670 )‚
935 3603 1022 3652 mediis
1036 3601 1207 3670 totfluctibas,
1223 3616 1270 3669 per
1280 3609 1319 3652 tot

250 3677 348 3730 calcem
362 3675 445 3746 hujus
457 3676 519 3729 libri
533 3687 590 3728 not.
604 3694 646 3746 ²9.
659 3677 709 3730 Eo.
807 3680 889 3734 maria
906 3679 1055 3750 interjecta,
1071 3682 1097 3730 in
1114 3683 1160 3731 las
1172 3681 1224 3746 egit
1240 3669 1319 3730 orci?

286 3756 328 3809 3ο.
344 3759 478 3817 Prominet,
499 3757 528 3808 in
548 3754 647 3826 pedum
666 3754 763 3828 digitos
845 3758 888 3830 37.
905 3763 940 3809 lla
957 3758 1108 3825 arihiprima
1121 3761 1240 3810 malonem
1259 3777 1319 3809 ecu-

249 3853 276 3888 ec
295 3835 364 3888 levat
384 3834 482 3899 lason,
502 3849 575 3903 atque
590 3839 673 3887 oculos
688 3840 763 3905 longe
807 3857 852 3900 sa,
864 3841 980 3902 Phryne:
993 3855 1044 3887 nora
1061 3851 1085 3888 te
1099 3855 1198 3904 oeqaore
1215 3855 1319 3890 mersam

250 3913 504 3978 terenciacumsen,
515 3915 652 3981 carrajam
663 3917 763 3984 si(an)
807 3915 914 3985 (oratio
932 3913 1236 3986 incompleta),ntinam
1247 3933 1318 3968 mer·

245 3994 318 4062 pellis
331 4004 473 4064 apparent,
485 4006 511 4044 et
522 3993 608 4044 obluat
624 3996 764 4046 clarescant
809 4014 853 4049 aua
863 4013 949 4058 cates,
962 3991 1055 4048 eodem
1068 4030 1075 4056 ‚
1089 4011 1138 4060 quo
1151 4011 1227 4054 saror,
1240 3996 1319 4048 mari.

250 4074 413 4132 aaronitas,
431 4070 550 4126 oblatam
566 4089 581 4124 a
598 4089 660 4143 rege
679 4073 763 4127 vellus
845 4071 1319 4146 40.thnntnmilrinarrna(conl.
