3006 4676
644 183 653 218 l

179 389 183 409 ‘¹
248 371 315 450 234
411 374 494 440 Pto
522 374 779 457 AUCTORE,
802 371 1160 459 SUPPLEM'ENTA

293 505 479 593 Aspiciens,
508 527 610 594 genus
626 507 796 596 agnoscit,
814 505 982 592 diramque
1006 502 1136 593 tyranni

293 619 494 686 Barbariem:
514 621 617 687 AEettc
635 621 734 686 scires
753 620 795 686 de
814 621 972 711 sauguine
991 634 1111 682 natam.
1238 673 1241 679 .

337 734 413 817 Illa,
431 737 611 825 procuratis
630 735 737 802 somni
756 736 953 818 terroribus,
973 732 1057 799 tedes
1291 746 1325 786 ²1⁵

292 849 504 940 adproprias
519 849 639 934 flectit,
654 853 749 918 vultu
768 850 932 934 blandita,
951 869 1118 937 manuque

293 964 427 1048 Inruit,
448 965 631 1030 accelerent
648 988 778 1055 passus,
794 981 893 1054 atque
910 963 989 1028 atria
1004 961 1120 1028 visent.

284 1079 399 1171 ¹Sentit
416 1079 520 1144 inesse
539 1078 648 1164 dolos,
659 1081 821 1170 jussitque
838 1080 987 1144 resistere
1007 1077 1131 1166 pubem

293 1192 478 1277 AEsonides,
494 1193 580 1260 socia
593 1210 703 1259 tamen
720 1194 820 1258 intrat
839 1191 997 1258 Colchide
1017 1191 1125 1256 Circes

292 1308 437 1392 Limina3
455 1310 512 1382 ubi
529 1325 643 1375 aurato
657 1311 737 1392 jussi
753 1309 867 1375 sedere
884 1307 1010 1390 curuli,

293 1423 448 1514 Elingues
471 1424 539 1490 sine
553 1447 634 1490 voce
650 1424 768 1507 ambo,
787 1422 975 1490 crudelibus
995 1422 1080 1486 alum
1184 1507 1188 1517 Ι

292 1533 419 1606 lustitia
435 1541 597 1630 exagitans
612 1540 751 1606 stimulis
767 1537 946 1631 precordia
963 1537 1091 1627 pulsat3

293 1655 472 1722 Praesertim
492 1673 589 1747 caput
603 1657 764 1723 ambobus
778 1677 882 1745 quum
899 1668 1047 1744 tangeret
1060 1652 1124 1718 illa.

293 1771 367 1860 Ipse
382 1788 492 1837 autem
508 1787 602 1838 terra
615 1772 755 1864 infigens
769 1769 837 1836 dux
852 1769 1027 1834 Thessalus
1045 1787 1176 1847 ensem,

294 1886 370 1968 Quo
385 1886 539 1967 juvenem
555 1886 722 1951 incautum
738 1885 883 1973 excepit,
897 1900 1020 1951 ‚terram
1035 1880 1169 1969 aspicit,
1182 1893 1265 1942 astra
1285 1893 1324 1932 22⁵

291 2001 461 2090 suspicere
479 2000 568 2066 haud
583 2001 692 2092 potuit
708 2000 850 2065 demisso
865 1999 901 2064 in
917 2000 1050 2063 Tartara
1064 1997 1171 2062 uultu.

292 2118 446 2180 Actutum
466 2115 559 2180 Circe
574 2131 732 2204 patratam
753 2130 884 2204 pectore
906 2112 1027 2178 caedem

292 2231 440 2321 Praesago
457 2231 577 2314 volvit,
594 2231 740 2320 quamvis
757 2229 837 2296 irata
853 2227 995 2294 nefando

292 2345 458 2434 Sanguine
474 2347 655 2436 conspersis
671 2347 836 2435 primum;
856 2367 934 2408 mox
950 2343 1096 2433 supplice
1113 2341 1225 2406 dextra

234 2428 246 2450 .
291 2459 442 2525 Carmina
457 2460 604 2526 turbatos
622 2460 731 2526 fundit
746 2457 905 2550 placantia
923 2480 1052 2542 manes,
1283 2473 1322 2513 2³0

292 2575 334 2638 Et
350 2590 461 2640 sontes
478 2597 496 2638 a
517 2574 603 2640 caede
623 2590 739 2658 novat,
760 2567 955 2662 culparnque
970 2571 1157 2653 remittens,

292 2689 451 2753 Sollicitos
469 2689 584 2754 crebro
597 2689 784 2754 lustralibus
803 2687 906 2752 abluit
924 2686 1031 2752 undis.

291 2805 439 2893 Desuper
457 2803 633 2868 extendens
654 2825 792 2892 porcum
809 2801 871 2867 dea
886 2800 1021 2891 provida
1039 2823 1167 2865 sacrum

292 2919 378 2984 Ense
394 2918 470 2984 ferit
491 2941 600 3001 sacro,
626 2935 780 3008 retroque
796 2918 917 3008 pientia
938 2915 1037 2982 verba

290 3035 475 3100 Murmurat
492 3033 677 3123 hospitibus
689 3035 776 3098 loris
791 3033 967 3097 avertentia
983 3030 1123 3112 caedem3

289 3149 423 3213 lnvocat
441 3163 539 3235 atque
558 3147 643 3211 mola
659 3147 763 3234 placat
778 3144 831 3233 pia
851 3145 989 3210 numina
1004 3145 1087 3211 fusa.

292 3262 383 3347 Quin
404 3261 501 3326 etiarn
524 3259 652 3324 famulae
668 3273 752 3322 totas
770 3275 914 3324 ramenta
937 3282 996 3348 per
1012 3258 1096 3324 aedes
1204 3271 1208 3280 ’

290 3381 387 3444 Lecta
404 3376 515 3442 ferunt
530 3398 538 3440 :
555 3375 622 3438 urit
639 3373 766 3464 Stygios
786 3375 947 3463 placantia
967 3397 1078 3440 manes
1218 3355 1220 3361 Ι

289 3495 384 3578 Liba,
407 3492 568 3582 vaporatis
583 3491 754 3556 lustrantia
773 3491 872 3556 funus
895 3492 930 3555 in
952 3491 1036 3572 aris,

289 3609 401 3676 Tristis
419 3625 458 3674 ut
473 3607 609 3673 immani
625 3623 763 3674 cessaret
774 3609 916 3697 Erinnys
932 3608 973 3672 ab
989 3608 1053 3690 ira,
1281 3627 1319 3670 ato

289 3725 416 3791 Afforet
432 3737 465 3788 et
482 3721 627 3811 placidus
644 3721 749 3787 libatis
764 3724 913 3812 luppiter
928 3723 1031 3804 extis,

288 3842 361 3906 Sive
371 3839 548 3929 'peregtino
565 3839 680 3928 polluti
695 3839 852 3928 sanguine
868 3839 996 3904 dextras
1055 3893 1057 3898 ,

289 3956 346 4019 Vir
364 3954 545 4043 mulierque
564 3955 687 4036 forent,
704 3971 879 4044 cognatave
896 3954 991 4020 turba
1008 3972 1198 4022 nocentum.

289 4071 367 4138 Mox
381 4069 474 4150 jubet
492 4067 652 4136 assideant
668 4069 794 4160 sponda
808 4069 875 4136 dux
890 4068 1064 4135 Thessalus
1081 4093 1177 4136 aurea
