3006 4676
919 59 930 128 l

544 330 927 396 incortinatur.
1214 329 1276 419 ‘287

250 459 319 524 Nec
332 461 408 526 forti
421 461 558 529 heroum
575 455 693 530 dextra¹
702 463 888 554 impellente
899 479 1062 528 movetur.

250 573 405 664 Obriguit
419 576 525 666 gelido
544 593 613 642 tum
630 601 742 642 rursus
758 593 891 667 pectore
905 577 1018 660 Iason,

254 695 296 758 Et
313 715 366 756 me
383 692 573 780 respiciens,
595 711 633 758 ut
651 695 755 758 nostri
771 693 914 759 carmine
929 693 1043 782 plectri

250 807 343 872 Vires
362 822 460 895 atque
472 807 597 872 animos
612 807 744 873 defessis
762 809 871 873 innuit
890 807 1017 873 addam.

251 925 312 987 Ast
327 944 387 1010 ego
407 945 483 986 cum
501 922 623 987 cithara
640 923 814 994 meditatus
831 924 974 988 carmina
988 939 1116 1005 nostra,

253 1035 488 1124 Mellilluasque
506 1059 577 1101 mea
593 1027 748 1102 resonans
766 1060 843 1102 eum
861 1054 963 1103 matre
978 1039 1163 1118 Camoenas,

252 1151 299 1214 Ex
318 1151 386 1214 imo
403 1148 514 1215 dulces
530 1149 670 1240 produxi
685 1167 817 1240 pectore
833 1173 947 1217 voces:

295 1265 444 1354 ·Egregii
457 1265 589 1348 heroes,
609 1265 729 1354 Minyae'
743 1287 898 1355 generosa
916 1288 1077 1356 propago,

251 1380 308 1443 Eia
321 1381 419 1470 agite,
434 1381 561 1445 invictis
575 1381 693 1444 alacres
709 1381 861 1468 impellite
877 1381 973 1445 funes

252 1495 464 1577 Pectoribus,
481 1495 586 1560 solido
601 1511 634 1559 et
647 1497 779 1585 vestigia
796 1493 885 1584 figite
901 1519 1030 1586 gressu,

252 1611 385 1675 Summa
398 1611 521 1699 pedum
536 1611 672 1701 geminis
687 1611 790 1675 innixi
804 1609 967 1675 extendite
982 1609 1113 1699 plantis,

254 1726 297 1791 Et
313 1726 378 1791 laeti
394 1727 428 1789 in
445 1723 563 1791 fluctus
574 1728 663 1816 Argo
679 1725 823 1815 proferte
842 1749 991 1809 serenos,

254 1841 336 1924 Quae
351 1840 497 1905 trabibus
516 1841 647 1928 quernis
666 1851 832 1929 compacta
849 1857 916 1922 est,
934 1841 1143 1930 sagineisque.

253 1956 380 2046 Pergite
395 1979 476 2020 voce
490 1979 582 2038 mea,
599 1956 689 2044 prius
704 1969 802 2021 estea
816 1957 945 2047 cognita
958 1957 1069 2039 vobis,
1242 1978 1279 2017 ‚so

252 2072 365 2155 Quum
381 2072 542 2136 traherem
562 2093 702 2159 quercus
721 2093 891 2135 nemorosa
909 2071 943 2135 in
962 2073 1044 2154 valle
1058 2073 1214 2155 Colones,

252 2187 293 2251 Et
309 2203 448 2276 pontum
466 2203 614 2276 peterent
631 2203 746 2251 cantus
765 2185 806 2251 de
820 2187 940 2251 vertice
956 2187 1076 2252 montis
1253 2169 1256 2174 Ι

251 2299 331 2365 Saxa
348 2315 485 2391 sequuta
501 2323 610 2365 meos:
629 2300 675 2364 sic
689 2315 726 2366 tu
742 2301 892 2388 proclivis
906 2299 941 2364 in
957 2300 1062 2366 undas

251 2416 306 2480 Ille
322 2439 457 2505 sequere
470 2439 653 2504 aequoreas:
676 2431 802 2480 moveat
819 2415 935 2481 fiducia
954 2434 1074 2482 nostras

251 2531 297 2595 Ut
310 2553 463 2619 properes
477 2532 623 2612 citharae,
644 2552 708 2594 vox
721 2545 754 2594 et
765 2530 873 2595 divina
890 2533 1034 2596 canentis
1051 2564 1074 2597 ι.
1240 2549 1278 2589 ²⁶⁵

296 2643 365 2708 Nec
387 2657 494 2725 mora,
522 2643 671 2731 prosiluit
688 2641 846 2725 stridens,
866 2645 1030 2732 sensitque
1046 2647 1160 2710 carinae

252 2756 388 2822 Subdita
406 2779 570 2820 concussae
587 2757 715 2820 callenti
731 2756 822 2846 fagus
838 2757 879 2822 ab
893 2759 980 2847 Argo

254 2871 407 2935 Palladias
423 2887 524 2934 artes:
550 2870 638 2934 stetit
653 2869 743 2933 ocius
761 2870 813 2933 illa
828 2893 886 2958 per
899 2869 1024 2958 undas,

253 2987 511 3076 Congeriemque
527 2985 629 3064 levat3
651 2999 742 3048 vasto
762 2999 850 3049 natat
862 2985 964 3050 ardua
978 3001 1101 3074 ponto,
1195 2984 1200 2993 ’

254 3102 296 3165 Et
309 3101 449 3165 trabium
466 3099 582 3164 densas
599 3099 723 3180 disjecit
738 3115 827 3165 mota
840 3087 1033 3191 phalanges,

255 3215 330 3278 Uno
349 3229 507 3304 protensae
521 3213 632 3277 subter
649 3196 727 3301 quae¹
737 3214 815 3278 fune
829 3213 988 3294 jacebant.

254 3329 439 3420 Ingreditur
458 3345 591 3418 portum
612 3327 773 3416 gaudens3
786 3329 851 3410 jam
868 3329 963 3393 litore
980 3328 1066 3394 cedit

255 3444 350 3509 Unda
372 3464 581 3533 repercusso,
601 3443 759 3531 laetusque
777 3443 914 3508 exsultat
932 3443 1036 3509 lason.

256 3560 362 3649 Argus
379 3561 439 3624 init
454 3559 538 3624 saltu
554 3560 708 3648 puppim,
722 3559 913 3648 Tiphysque
927 3577 1102 3648 sequutus,

256 3675 297 3739 Et
312 3698 371 3740 sua
385 3697 522 3763 quaeque
539 3675 615 3738 viris
631 3672 710 3738 dant
724 3693 924 3739 armamenta
942 3675 1099 3763 locisque.
1248 3697 1285 3750 ηε

255 3789 399 3880 Erigitur
414 3791 535 3870 malus,
551 3790 660 3855 velum
673 3811 788 3877 super;
807 3790 885 3854 hinc
898 3813 1032 3880 quoque
1048 3792 1174 3856 clavum

256 3903 324 3968 Sub
337 3903 471 3994 puppim
490 3920 644 3986 nectunt,
662 3919 694 3966 et
713 3903 788 3967 loris
803 3902 930 3967 fortiter
943 3923 1071 3994 urgent.
1171 3915 1177 3924 '

256 4019 300 4081 At
316 4035 489 4106 postquam
509 4017 606 4082 remis
625 4017 780 4080 instructa
795 4031 843 4080 est
857 4017 945 4081 navis
960 4019 1137 4113 utrinque,
