3006 4676
264 335 326 409 242
427 328 512 391 PIO
540 325 791 406 AUCTORE,
812 321 1173 390 SUPPLEMENTA

307 458 507 528 Numinibus
527 457 650 548 pelagi;
678 473 782 522 vestes
799 457 852 547 pia
870 457 965 522 turba
979 456 1119 546 recingit

308 575 407 642 Nuda
423 573 543 664 pedes,
560 589 592 638 et
607 595 700 637 crum
717 573 835 656 simul,
854 595 897 637 ne
921 571 1028 638 deflua
1043 573 1124 638 laena
1301 595 1340 644 470

307 689 461 779 Turpiter
479 709 629 777 aequorea
646 687 807 777 Nymphis
822 702 953 752 uvescat
967 687 1008 755 ab
1021 686 1122 752 unda.

312 803 529 870 Contendunt
542 802 627 866 rotis
645 800 770 890 aequis;
790 799 892 866 modo
909 789 999 866 sacri
1013 800 1139 865 videres

306 921 451 1008 Corpora
464 917 499 980 in
516 929 600 980 astra
612 915 698 1004 rupi,
720 914 821 980 modo
838 915 902 979 sub
917 915 1093 1005 penetralis
1108 914 1201 1002 ponti

305 1034 443 1118 intima,
460 1053 545 1122 saepe
563 1048 663 1120 caput
680 1029 822 1096 refluens
838 1031 1059 1120 supereminet
1071 1030 1169 1096 unda.

303 1149 379 1213 Non
396 1168 488 1210 secus
507 1168 544 1210 ac
561 1143 681 1210 florens
697 1143 834 1233 pubeuli
850 1147 998 1210 Felsinus
1011 1167 1097 1228 aevo,
1199 1137 1202 1144 ’
1294 1165 1335 1215 ⁴⁷⁵

302 1263 363 1326 Cui
385 1262 503 1326 celeres
525 1259 568 1324 ad
583 1275 700 1324 cuncta
722 1259 822 1349 pedes
838 1261 1020 1349 oculusque
1040 1282 1243 1349 manusque,

302 1377 427 1459 Gestit,
451 1393 484 1441 et
502 1375 624 1444 enodes
644 1375 798 1441 undantis
817 1377 962 1467 corporis
985 1391 1074 1441 arttts

301 1495 339 1557 ln
358 1491 504 1581 rapidam
523 1489 634 1556 studet
654 1490 702 1556 ire
719 1491 838 1581 pilam,
853 1508 1051 1580 tenerosque
1065 1491 1190 1561 sodates

152 1605 161 1630 ‘
300 1607 475 1689 Provocat,
498 1623 532 1670 et
547 1622 640 1696 grato
656 1603 765 1670 firmat
779 1629 838 1671 sua
855 1606 974 1672 robore
988 1605 1078 1672 ludo.

300 1725 339 1788 ln
355 1722 506 1790 deinum
521 1743 598 1786 mox
613 1722 661 1787 ire
678 1721 780 1805 latus,
795 1723 933 1788 morire
949 1721 1133 1805 sinistrum,
1289 1741 1329 1785 sto

300 1839 339 1903 In
356 1838 472 1902 faciem
490 1853 672 1926 pectusque
690 1837 798 1921 rides,
815 1837 917 1903 modo
933 1836 1029 1902 dorsa
1044 1819 1182 1926 supinus

298 1952 433 2035 Flectit,
454 1951 548 2015 humi
567 1950 703 2034 residet,
722 1953 844 2041 surgit,
866 1967 953 2017 retro
972 1951 1105 2041 abripit,
1118 1966 1195 2017 ante

159 2139 161 2147 ,
297 2066 448 2148 Projicit,
475 2065 608 2155 ancipiti
630 2087 672 2130 ne
694 2065 780 2130 linea
795 2065 932 2132 lluctuet
956 2066 1036 2131 orbe

295 2180 420 2245 Anxius
435 2179 508 2244 :ille
521 2201 603 2268 vago
621 2200 752 2268 semper
763 2179 841 2244 levis
855 2203 929 2245 aere
944 2180 1061 2262 currit,

208 2349 210 2354 .
294 2293 392 2358 Nunc
408 2291 537 2357 declivis
554 2291 667 2374 humi,
685 2313 776 2356 nunc
790 2292 910 2356 aethere
928 2315 1076 2390 summus
1093 2271 1216 2384 aperto.
1287 2315 1328 2360 sss

297 2408 405 2491 Quam
421 2427 561 2496 propere
573 2405 716 2471 adducto
734 2423 931 2496 torquentur
946 2409 1069 2496 spicula
1082 2431 1201 2491 cornu,
1250 2406 1296 2455 s

294 2522 444 2610 Votaque
459 2497 603 2586 sollicitae
623 2519 812 2586 discurrunt
829 2521 943 2587 intima
962 2525 1098 2607 mentis,

296 2638 438 2700 Tantum
453 2634 578 2724 pernici
598 2633 732 2724 fugiunt
750 2657 830 2726 vaga
846 2636 946 2702 lintea*
959 2637 1049 2719 velo,

295 2751 441 2818 Flumine
465 2766 498 2815 et
522 2750 661 2816 heroum
678 2749 791 2816 validis
808 2753 945 2841 impulsa
962 2751 1097 2817 lacertis.

336 2866 538 2931 Praetereunt
559 2887 659 2930 cursu
673 2865 845 2931 viridantia
860 2883 951 2956 prata
967 2888 1082 2931 sereno
1248 2877 1251 2884 '
1281 2889 1321 2937 no

290 2981 483 3058 Trinacriae,
498 3003 571 3070 quae
590 2980 728 3070 pulchra
742 2981 842 3047 boves
861 2995 1072 3071 armentaque
1091 2981 1173 3046 Solis
1239 3021 1242 3029 ·

292 3097 414 3178 Pascit;
427 3094 487 3160 ubi
507 3094 626 3160 similes
642 3097 760 3184 mergis
782 3094 863 3161 vada
885 3098 967 3162 inire
985 3094 1147 3187 profunda
1230 3101 1233 3110 ‘

291 3203 441 3300 Aggressi
456 3209 594 3299 Minyas,
607 3211 745 3275 Iunonis
759 3211 848 3292 jussa
863 3211 1037 3277 facessunt.

293 3326 354 3389 Hic
372 3324 484 3390 ovium
500 3322 627 3389 balatus
646 3324 751 3406 iners,
765 3347 839 3412 quae
857 3323 970 3390 florida
988 3346 1064 3390 rura
1335 3379 1339 3394 .

288 3437 486 3504 Tondebant
505 3437 630 3503 levibus
653 3437 786 3527 cythisis
807 3438 961 3530 adoperta
980 3441 1180 3530 thymoque,
1279 3459 1318 3512 ⁴9⁵
1354 3425 1364 3440 i

289 3553 501 3642 Mugitusque
520 3551 623 3616 boum
640 3551 789 3640 informis
807 3554 954 3642 pervenit
968 3553 1009 3619 ad
1023 3577 1126 3622 aures.

291 3667 432 3733 Roscida
447 3689 506 3756 per
525 3683 678 3756 querceta
691 3668 799 3748 jacens
817 3669 871 3734 hic
888 3669 952 3735 lilia
970 3671 1053 3736 Solis

287 3783 413 3866 Junior,
436 3797 620 3846 armentum
643 3782 828 3849 Phaethusa
850 3786 1012 3852 simillima
1028 3787 1109 3878 patri

284 3896 457 3978 Pascebat,
475 3918 583 3961 ramus
600 3899 722 3986 palmas
737 3913 908 3990 argenteus
921 3917 1033 3966 armat.

286 4011 451 4102 Lampetie
469 4027 579 4076 tauros
600 4011 690 4078 truvo
709 4013 828 4082 similes
842 4013 1004 4080 orichalco
1113 4067 1116 4072 .
1276 4035 1314 4074 ⁵00
