3002 4680
427 378 554 444 NOVI
585 377 834 442 EDl'I'ORlS
866 377 1024 442 NOTAE.
1211 407 1252 471 77

193 493 394 566 GoulerVirgii.
408 495 468 544 AEn.
483 493 530 556 ll,
547 492 613 546 358:
630 512 675 559 per
691 497 755 552 telo,
767 511 813 560 per
825 495 918 553 hostes,
930 491 1057 545 Vadimus
1072 497 1141 546 loisel
1155 500 1252 549 «lesbiam

193 599 218 630 m
232 593 340 632 mortem.
1062 589 1065 597 ’
1186 576 1190 595 ¹

229 723 262 773 V.
276 725 325 793 237
327 756 487 774 ..........
504 721 589 771 docilis
603 722 680 786 relegi
684 758 693 779 ,
710 722 844 784 docilisque
858 721 975 786 relinqui,

334 811 416 873 Atque
426 806 509 856 irenam
523 806 614 854 medios
628 821 678 854 non
693 803 765 854 altior
777 805 812 853 ire
820 822 868 870 per
879 806 965 854 lsostes.

196 944 286 994 Docilis
301 940 382 1008 relegi.
394 969 425 978 -·
442 941 527 988 Cereus
541 940 566 987 s'n
578 938 662 988 vitium
670 939 758 1006 flecti,
773 933 843 1005 opud
857 934 947 987 Horat.
959 933 992 986 de
1004 935 1057 988 lsrt.
1069 935 1141 988 Poet.
1152 957 1176 989 v.
1190 940 1253 1002 163,

194 1024 285 1078 similis
302 1034 339 1076 est
359 1021 464 1074 locutio.
485 1024 541 1070 Non
561 1021 635 1070 altior
651 1017 768 1070 declarat
787 1019 856 1071 hanc
876 1018 993 1070 lanceam
1010 1017 1048 1070 ita
1067 1017 1133 1070 mitti
1152 1019 1254 1072 solitam

195 1107 291 1172 luisse,
311 1117 341 1158 ut
358 1123 434 1176 supra
450 1102 564 1156 hostium
585 1101 671 1173 capita
689 1101 835 1155 transabire
854 1119 908 1153 non
927 1113 1025 1172 posset}
1040 1101 1182 1168 Quomodo
1197 1118 1253 1156 ute-

194 1201 287 1242 rentur
299 1187 349 1242 boc
362 1187 414 1240 telo
426 1185 566 1247 Sumstae,
576 1185 613 1238 sic
631 1183 755 1237 describit
765 1184 842 1238 Silius
855 1183 960 1238 Italicus
970 1225 977 1250 ,
988 1185 1049 1247 XV,
1060 1186 1127 1238 686:

335 1323 384 1368 Nec
392 1336 441 1367 non
449 1319 582 1382 cornipedis
591 1330 657 1382 tergo
667 1321 697 1366 de
707 1335 771 1367 more
780 1331 887 1383 repostus

338 1397 469 1444 Sustentata
482 1409 545 1457 genn
556 1411 598 1457 per
608 1411 716 1457 campum
728 1395 832 1457 pondera
844 1395 908 1440 conti

334 1471 455 1518 Sarmatici
466 1485 542 1532 prona
552 1470 661 1518 adversos
672 1471 770 1532 urgebst
781 1470 805 1514 in
817 1469 903 1515 hostes.

196 1593 358 1648 Procridem
373 1592 498 1667 estquod
511 1614 560 1644 non
575 1596 647 1644 aldor
656 1591 726 1664 apud
734 1591 880 1644 Valerium.

233 1738 264 1783 V.
277 1732 337 1799 239.
349 1733 449 1783 Orbibus
462 1733 506 1781 lios
520 1730 611 1796 rapidis
623 1730 737 1795 mollique
743 1746 789 1794 per
798 1745 898 1793 oequom
910 1729 993 1777 Castor

347 1815 470 1878 Anfractu
481 1815 574 1864 levioris
587 1814 644 1880 equi
656 1814 749 1863 deludit
756 1813 871 1862 anhelos.

200 1952 300 2002 Levioris
317 1951 381 2017 equi.
390 1979 424 1988 —
434 1947 524 2018 Equus
534 1986 541 2011 ,
553 1963 608 2017 qno
622 1944 720 2016 potitus
730 1955 786 1996 erut
796 1943 898 2008 Castor,
914 1941 1043 1995 oriundus
1056 1957 1111 1996 eret
1125 1967 1140 1998 e
1154 1946 1239 2000 Medio
1252 1987 1259 2010 ‚

198 2035 374 2089 Somniorum
386 2028 497 2103 proinde
507 2029 581 2082 ocior
594 2029 669 2100 equis
684 2041 709 2081 et
719 2027 892 2081 exercitatior.
901 2026 1008 2080 Tacitus
1020 2028 1053 2080 de
1065 2029 1258 2084 Germanorum
1270 2077 1274 2086 .

199 2116 272 2188 equis
287 2115 343 2168 hnc
356 2111 449 2179 docet,
463 2113 496 2166 de
506 2113 625 2164 Moribus
638 2113 727 2165 Germ.
744 2129 803 2183 cop.
814 2111 869 2163 VI:
883 2115 948 2178 Equi
961 2131 1010 2162 nos
1016 2113 1116 2180 foma,
1129 2135 1178 2166 oon
1191 2121 1255 2167 velo·

198 2204 272 2252 citare
288 2201 412 2265 conspicui
417 2218 428 2257 ,¹
446 2201 492 2248 sed
509 2217 554 2248 ose
576 2199 678 2250 variare
694 2215 770 2264 gyros
788 2199 814 2245 io
837 2214 925 2246 rnorem
948 2211 1055 2248 srossmm
1077 2201 1209 2250 docentor:
1233 2203 1258 2250 in

199 2297 302 2342 reeosm,
327 2296 371 2332 cut
387 2301 437 2332 uno
446 2284 521 2352 flexu
540 2285 638 2334 dextros
656 2293 743 2348 apum.
766 2279 901 2350 Equorum
923 2280 1056 2335 anfractus
1079 2282 1117 2334 sic
1137 2281 1259 2336 describit

199 2367 339 2438 Virgilius,
348 2367 410 2418 AEn.
420 2365 457 2429 V,
469 2366 538 2420 583:

338 2481 397 2528 lnde
407 2481 465 2528 alios
476 2479 663 2536 ineuntium,
674 2481 906 2541 disquiramus,

339 2555 447 2604 Adversis
458 2557 552 2618 spatiis,
568 2556 712 2618 alternisque
723 2555 820 2602 orbibus
831 2555 900 2602 orbo

339 2631 483 2693 impediunt,
500 2647 631 2693 pugnoque
642 2631 705 2677 cient
714 2629 837 2677 simulacre
846 2630 889 2676 sub
899 2630 976 2676 armis.

236 2757 269 2810 V.
282 2757 339 2822 243.
351 2761 480 2824 Campesus
493 2760 599 2826 impacta
611 2761 676 2808 latus
689 2759 753 2807 inter
769 2769 792 2806 et
814 2758 858 2807 ilia
873 2776 962 2823 quercu

353 2845 461 2902 Tollitur,
477 2861 509 2892 ac
522 2843 626 2892 mediam
640 2843 745 2892 moriers
756 2841 883 2890 &recudit
896 2841 921 2890 in
934 2843 1040 2892 town.

205 2957 303 3008 Tolliusr
312 2971 367 3007 non
380 2953 514 3026 significat
523 2955 678 3026 Compesum
693 2973 755 3021 equo
766 2956 860 3015 excuti,
870 2966 900 3006 ut
912 2955 1025 3025 explicat
1035 2955 1206 3026 witgarius,
1216 2961 1261 3014 sed

202 3057 234 3091 ex
246 3057 315 3110 equo
326 3038 383 3091 tolli
402 3039 429 3090 iu
443 3039 526 3092 altum
540 3037 650 3110 alicujus
665 3037 789 3092 Sarmata
807 3037 908 3102 lances,
920 3049 949 3088 ut
968 3055 1044 3100 mox,
1060 3057 1086 3091 v.
1105 3041 1172 3105 252,
1190 3047 1262 3094 Serni-

204 3142 285 3174 neeem
303 3127 384 3174 raso
403 3126 517 3191 Hypanin
536 3125 612 3174 celsis.
627 3120 705 3178 Silius
724 3121 831 3173 Italicus
847 3118 965 3173 eamdem
984 3121 1124 3194 imaginem
1144 3127 1260 3196 prebet,

204 3205 264 3271 xV,
277 3207 328 3272 689
340 3222 347 3257 ε

336 3327 395 3372 'l'um
406 3341 501 3387 qnoque
513 3328 649 3374 transfixum
660 3328 719 3382 telo,
735 3342 778 3388 per
789 3325 904 3378 membra,
916 3341 959 3386 per
967 3341 1043 3381 arms,

341 3400 447 3446 Consulis
457 3410 512 3447 ente
522 3401 619 3456 oculos,
629 3417 714 3463 magno
721 3401 836 3454 clamore,
847 3400 965 3447 Sebellum

340 3475 480 3535 Asportabat
490 3489 567 3522 ovans.

204 3595 246 3648 Sic
266 3597 346 3649 serbo
368 3587 460 3648 tollitiu
473 3615 504 3649 sc
522 3599 649 3648 ducendo
663 3598 730 3650 inter
745 3615 773 3650 se
787 3615 868 3668 quem
888 3598 1019 3670 aptissime
1037 3596 1181 3662 cobserent,
1194 3601 1264 3652 cxlii·

203 3679 319 3750 bentque
333 3698 429 3753 corpus
448 3680 542 3751 equitis
562 3679 670 3751 cuspide
683 3681 770 3752 primo
789 3680 936 3744 subletum,
949 3697 1010 3732 mox
1024 3682 1132 3753 proprio
1149 3682 1263 3752 pondere

204 3762 292 3816 medio
303 3774 379 3816 tenus
388 3764 476 3816 hastili
486 3763 643 3818 demersum.

239 3900 272 3953 V.
286 3908 345 3973 ²47·
368 3907 468 3954 Teoerce
485 3909 612 3972 liquuntur
631 3909 733 3956 vulnere
751 3904 1051 3977 maloe.-Hypnllage,
1075 3925 1142 3978 pm:
1165 3912 1264 3975 sanguis

204 3988 309 4052 liquitur,
322 3985 543 4053 defluit,ema1is.
559 3993 665 4040 Vulnere
674 3999 713 4040 est
725 4007 774 4060 pro
787 3991 916 4057 saogrsioe.
930 3989 1085 4061 Simpliciter
1098 3988 1196 4042 dixerat
1205 3989 1265 4041 Vir-

205 4069 283 4138 gilius
295 4109 303 4134 ‚
315 4073 375 4122 AEn.
392 4070 450 4135 ΙΙΙ,
472 4072 521 4124 as:
539 4075 595 4124 istic
613 4085 667 4122 atro
677 4075 802 4140 liquuntur
815 4075 937 4142 sanguine
948 4088 1025 4141 guttoe
1036 4095 1045 4125 :
1058 4091 1135 4145 quom
1154 4073 1264 4126 locutio·

206 4169 282 4218 neus,
297 4171 380 4225 qnnsn
394 4155 686 4220 imitareturValerius,
698 4155 731 4210 sd
745 4175 845 4210 morem
860 4157 990 4228 poeticum
1007 4159 1117 4212 refinxit.
1136 4161 1269 4226 Liqssraooo
