3006 4676
578 347 943 414 ARGONAUtha.
1234 367 1295 433 297

272 483 337 571 lpsi
355 496 463 544 autem
482 477 580 544 densa
597 502 706 569 regern
722 465 851 545 cinxere
866 501 988 544 corona
1051 521 1054 529 .

272 595 433 682 Cyzicon,
455 610 487 658 et
505 609 592 658 secto
605 595 759 675 juvenem
777 592 839 658 sub
860 615 1021 674 marmore
1036 591 1209 672 claudunt,

272 711 315 774 Et
329 708 461 775 fodiunt
477 710 659 791 tumulum,
676 709 828 798 factoque
844 732 884 774 ex
900 731 991 774 more
1004 707 1175 796 sepulcro,

272 821 503 913 Agglomera'nt
520 839 654 888 tnrnoos
670 845 827 912 propere3
841 825 909 908 jam
923 845 1038 911 magna
1054 821 1117 886 sub
1134 820 1234 885 antris
1258 836 1296 874 ⁵⁶⁵

272 939 403 1004 Viscera
418 937 553 1004 defossis
570 937 733 1020 condunt3
747 955 797 1002 ast
815 939 916 1026 ipsius
931 938 1082 1002 umbram

174 1125 178 1131 ,
272 1051 363 1118 Idem
381 1075 442 1142 ego
458 1053 608 1142 perfectis
627 1052 748 1140 placavi
768 1053 801 1114 in
819 1053 933 1116 funere
949 1051 1062 1126 sacris,

272 1165 383 1230 Dulcis
400 1187 513 1254 aqum,
528 1181 561 1232 et
575 1165 659 1231 nivei
677 1165 766 1232 lactis
779 1165 932 1230 libamina
948 1164 1087 1228 miscens

272 1280 377 1345 lllimo
393 1279 435 1346 de
451 1281 561 1361 fonte,
583 1281 661 1346 meis
681 1299 714 1346 et
730 1280 880 1345 laudibus
895 1301 1025 1343 ornans.

272 1395 358 1461 Tum
372 1419 450 1461 vero
468 1395 639 1462 AEsonides
663 1397 757 1462 sociis
776 1395 818 1460 ad
835 1413 910 1459 vota
933 1394 1054 1459 vocatis
1261 1409 1299 1458 ⁵7·

273 1509 350 1574 Esse
366 1511 536 1598 sepulcrali
553 1533 611 1576 sua
626 1513 756 1600 praemia
780 1511 860 1576 dixit
876 1510 988 1600 agoni,

272 1623 448 1714 Hypsipyle
465 1623 599 1692 dederat
614 1625 691 1690 ferri
705 1645 777 1712 quae
794 1647 929 1690 munera
942 1625 1082 1703 Lemn0;

272 1741 389 1802 Ancaeo
405 1739 536 1804 calicem
554 1738 645 1804 dedit
660 1761 757 1804 aurea
776 1739 861 1804 dona
880 1740 1033 1828 palaestrae

273 1851 477 1935 Gibbosum,
499 1853 716 1942 manibusque
731 1875 860 1942 gravem
873 1877 882 1934 ;
895 1875 1009 1917 verum
1027 1852 1101 1934 tibi,
1116 1850 1231 1930 Peleu,
1276 1909 1280 1918 ,

272 1967 394 2031 Victori
408 1967 442 2031 in
461 1965 570 2032 stadiis
585 1969 708 2056 proprii
724 1968 899 2034 certamine
915 1989 1030 2032 cursus
1260 1980 1297 2032 ⁵7⁵

273 2082 457 2174 insignem,
474 2083 621 2164 rutilam,
645 2099 763 2148 textam
789 2107 922 2172 quoque
939 2082 1066 2149 Pallade
1082 2099 1229 2148 vestem..

271 2195 313 2260 Et
329 2197 392 2262 luit
407 2215 541 2288 argento
556 2213 659 2264 crater
678 2199 798 2289 gravis,
820 2216 888 2264 arte
906 2199 1085 2288 superbus,

272 2311 388 2376 Alcidae
403 2314 544 2402 pretium
565 2336 626 2404 pro
642 2315 810 2397 caestibus3
827 2337 924 2379 aurea
942 2316 1056 2379 Castor

274 2427 367 2491 Dona
384 2428 475 2510 tulit,
495 2428 645 2517 phaleras
664 2431 855 2520 praesignes,
873 2430 976 2496 victor
991 2428 1160 2517 equestris.

167 2557 170 2566 ¹
272 2540 461 2629 Pollucique
480 2540 570 2606 dedit
590 2543 798 2631 splendentes
812 2546 896 2609 ferre
914 2561 1053 2634 tapetas,
1260 2559 1298 2596 ⁵⁸⁰

272 2655 355 2720 Nam
371 2655 434 2719 fuit
446 2655 500 2720 hic
520 2656 668 2745 pugilum
688 2657 803 2722 celebri
820 2659 996 2722 certamine
1010 2659 1123 2721 victor.

169 2783 172 2790 ’
274 2772 346 2859 lpse
363 2787 470 2835 autern
485 2767 569 2836 llexo
584 2771 616 2834 vi
636 2772 738 2836 multa
755 2787 907 2836 strennus
928 2794 1006 2836 arcu

273 2885 452 2951 Sublimem
466 2903 541 2951 aute
557 2909 672 2952 omnes
685 2887 792 2952 emisit
803 2889 838 2950 in
854 2889 917 2952 alta
937 2889 1102 2978 sagittam

271 3001 356 3066 Hinc
371 3002 476 3065 oleam
487 3001 659 3067 AEsonides
678 3003 797 3091 Minyis
813 3003 954 3067 donatus
968 3003 1008 3068 ab
1025 3004 1121 3092 ipsis,

272 3117 430 3180 lntextam
449 3116 537 3179 vario
556 3117 659 3181 tenuit
672 3139 747 3181 cum
767 3115 846 3182 flore
861 3140 1027 3183 coronam.

272 3233 315 3294 At
332 3231 412 3294 mihi
432 3253 492 3319 pro
509 3245 607 3295 cantu
625 3229 679 3296 dat
695 3254 832 3296 munera
846 3232 919 3296 dius
941 3234 1036 3298 Iason

272 3345 320 3410 Ex
339 3368 420 3410 auro
437 3347 575 3410 extensis
597 3347 654 3411 alis
677 3349 832 3436 utn'nque
854 3349 1045 3412 cothurnos.

315 3461 376 3524 Hic
391 3483 511 3549 pugnae
527 3460 666 3526 modus:
683 3478 716 3525 at
730 3462 813 3526 celer
826 3463 940 3551 implet
952 3465 1037 3527 lama
1056 3479 1188 3551 penates

272 3574 415 3664 Cyzicon
431 3576 641 3657 exstinctum3
664 3575 752 3663 qnod
766 3593 939 3665 postquam
960 3577 1060 3642 sensit
1077 3594 1108 3644 et
1125 3601 1208 3642 uxor

271 3689 403 3771 Infelix,
419 3689 519 3753 altum
543 3706 692 3772 resonat,
707 3693 908 3779 lacerataque
927 3709 1061 3780 pectus,
1264 3711 1301 3761 511⁰

271 3806 312 3872 Et
330 3808 414 3872 collo
428 3807 596 3878 involvens
613 3810 745 3892 funem,
760 3832 916 3898 suspensa
931 3811 1096 3899 pependit.

273 3922 457 4012 Suscipiens
474 3937 581 3988 autem
605 3923 759 4011 lacrymas
778 3923 834 3988 has
854 3941 955 4004 terra,
973 3947 1131 4012 perennes

271 4037 385 4101 Emisit
403 4038 524 4120 latices,
554 4039 636 4103 saxis
656 4041 728 4102 fons
745 4041 865 4104 vitreus
886 4041 961 4103 inde
