2994 4702
268 397 331 480 390
656 397 956 461 CATALOGUS
999 402 1006 416 ’

269 517 333 597 ipss
353 533 385 581 et
401 527 517 588 Βοιωτός.
536 518 597 580 Alii
613 535 720 581 tamen
738 521 846 582 Arnen
863 519 979 582 urbem
996 517 1166 583 deducunt
1182 517 1223 583 ab
1233 521 1338 598 Arnay·

270 623 397 686 nutrice
413 623 577 710 Neptuni,
593 622 660 686 vid.
673 624 780 688 Treta.
798 623 839 688 ad
857 623 1016 713 Lycophr.
1034 625 1118 706 644,
1141 641 1175 690 et
1190 625 1333 714 Etymol.

269 751 421 818 magnum
449 731 482 791 in
505 730 579 809 Aps.
604 729 760 793 Praeterea
783 731 919 794 Andron
944 748 1079 794 matrem
1107 732 1232 796 Iasonis
1256 731 1336 796 feeit

273 833 498 920 Theognetem,
517 835 647 899 Laodici
665 835 761 899 liliam
774 829 791 918 ,⁸
808 852 889 900 teste
905 836 1082 902 Scholiasta
1100 837 1217 901 eodem
1232 837 1334 924 Apol·

270 938 368 1018 lonii;
392 938 534 1026 denique
547 941 677 1004 Taetzes
701 941 721 1004 l.
743 943 763 1004 l.
783 940 990 1024 Chiliadum,
1014 943 1094 1006 alios
1111 943 1209 1008 fuisse
1225 940 1333 1034 addit,

237 1041 245 1056 ⁴
270 1045 326 1130 qui
351 1061 486 1108 matrem
509 1046 634 1110 Iasonis
660 1047 803 1114 lacerent
824 1046 940 1126 ntaeo,
972 1047 1117 1135 Staphyli
1137 1045 1244 1114 filiam.
1266 1046 1335 1112 Sta·

267 1149 384 1237 phylus
398 1167 505 1214 autem
520 1152 635 1216 Bacchi
650 1151 732 1216 lilius
747 1151 827 1218 duas
844 1153 958 1218 habuit
972 1151 1069 1234 filias,
1090 1152 1286 1218 Hemithsam
1302 1167 1334 1216 et

160 1286 165 1295 =
267 1253 383 1335 Aluan
408 1253 480 1322 vide
504 1260 655 1322 Parthen.
675 1259 795 1324 Erotio.
816 1281 885 1348 cap.
905 1283 931 1324 r.
957 1259 1055 1322 liltoeo
1078 1275 1188 1322 autem
1215 1257 1335 1322 dicitur

195 1439 197 1444 Α
269 1361 484 1428 concubuisse
501 1365 655 1452 Apollini,
681 1381 713 1428 et
730 1388 768 1428 ex
786 1387 826 1428 eo
850 1366 1000 1452 genuisse
1019 1365 1149 1442 daim,
1169 1363 1227 1452 qui
1244 1377 1335 1452 pater

271 1467 332 1528 fuit
348 1466 627 1558 OEnotroporum,·
644 1467 717 1534 vide
733 1470 839 1533 Treta.
855 1468 895 1532 ad
910 1469 1069 1559 Lycophr.
1085 1466 1157 1556 570.
1174 1467 1237 1532 Sed
1255 1489 1335 1534 nus·

270 1594 368 1656 quant
386 1572 449 1661 legi
474 1597 544 1637 eam
562 1573 676 1638 AEsoni
697 1576 927 1654 conjunctam,
950 1577 1051 1638 immo
1072 1574 1140 1662 ipse
1162 1571 1355 1662 Staphylus.

271 1679 357 1742 inter
369 1681 568 1768 Argonautas
585 1681 625 1742 nh
640 1677 835 1770 Apollodoro
852 1697 1060 1760 numeratur;
1083 1701 1161 1770 ergo
1179 1700 1256 1744 avus
1272 1679 1334 1745 sub

273 1786 400 1870 nepotis
416 1785 517 1849 ductu
535 1786 720 1865 militasset,
732 1784 805 1848 vide
821 1786 855 1848 iu
868 1785 1030 1874 Staphyla
1043 1787 1118 1849 Haec
1131 1783 1197 1864 jam
1214 1784 1336 1864 omnia,

271 1907 337 1954 tam
354 1890 488 1972 diversa,
507 1893 592 1956 inter
610 1893 770 1978 ntythicos
794 1891 854 1954 hos
872 1892 1044 1980 scriptores
1057 1911 1253 1980 componere
1267 1911 1335 1952 nou

272 2015 319 2061 est
344 2014 515 2077 nostrum3
539 1997 595 2060 sed
619 1999 718 2062 multa
741 1997 825 2060 l'orte
849 1998 981 2060 nomina
1006 1995 1082 2085 luitu
1094 2012 1196 2060 mater
1212 1995 1336 2060 Iasonis

272 2105 402 2181 sortita,
416 2103 500 2166 inter
514 2126 585 2190 quae
599 2104 704 2189 aliqua
719 2103 937 2190 epithetorum
952 2103 1022 2165 vioe
1036 2116 1215 2190 potueruut
1227 2100 1335 2188 fungi,

270 2226 308 2274 ut
327 2212 361 2272 in
377 2209 444 2272 aliis
467 2209 621 2274 heroibus
638 2226 670 2272 et
687 2209 828 2274 heroisin
845 2233 908 2273 usu
925 2209 1036 2272 venire
1053 2209 1143 2272 solet.
1176 2210 1336 2272 Caeterum

160 2329 164 2334 ’
209 2389 215 2396 ¹
273 2317 389 2378 Jasona
403 2331 492 2384 metu
509 2315 602 2378 Peliae
618 2315 755 2378 Chiroui
770 2314 982 2379 nutriendum
1007 2314 1120 2378 datum
1137 2313 1267 2400 plurimi
1283 2313 1336 2376 in-

273 2438 321 2485 ter
333 2423 398 2500 jam
413 2421 572 2502 adductos
586 2421 734 2502 tradunt,
749 2437 781 2485 et
794 2420 968 2500 Pindarus,
989 2420 1050 2484 Od.
1071 2421 1165 2484 Nem.
1179 2421 1247 2501 lll,
1271 2417 1335 2506 93,

273 2543 305 2589 et
321 2528 482 2614 praecipue
499 2527 593 2615 Pyth.
613 2528 669 2608 tv,
697 2525 775 2605 135,
800 2533 866 2614 quo
889 2526 1014 2614 hymno
1031 2525 1157 2591 Iasonis
1176 2524 1337 2611 praeeipue

272 2629 383 2694 laudes
409 2647 588 2711 canuntur,
611 2647 644 2694 et
667 2631 736 2710 ejus
759 2628 968 2718 pulchritudo
989 2644 1022 2693 et
1043 2629 1147 2692 forma
1163 2649 1259 2694 versu
1276 2625 1336 2692 153

274 2736 463 2800 celebratur.
483 2737 531 2800 De
547 2736 678 2824 reliquis
695 2740 762 2816 ejus
780 2735 888 2813 factis,
916 2757 987 2821 quae
1008 2734 1257 2822 Argonauticam
1280 2755 1336 2797 ex·

275 2841 473 2928 peditionem
490 2856 627 2928 sequuta
644 2855 737 2920 sunt,
762 2860 827 2902 non
847 2861 990 2926 agemus.
1014 2839 1078 2904 Sed
1101 2861 1206 2904 unum
1230 2837 1337 2904 adhuc

276 2947 378 3011 notari
403 2963 560 3026 meretur,
579 2950 612 3009 in
632 2968 698 3034 qno
716 2945 870 3032 temporis
886 2944 968 3008 ratio
987 2967 1053 3007 non
1071 2945 1155 3008 bene
1171 2943 1337 3010 observata

275 3051 410 3115 videtur>
430 3052 470 3114 ab
497 3051 650 3117 omnibus
671 3053 737 3114 fere
759 3051 873 3138 poetis.
902 3049 1074 3139 Staphylus
1097 3041 1216 3112 dieitur
1239 3049 1337 3112 fuisse

275 3156 390 3220 Bacchi
410 3174 443 3220 et
462 3157 608 3222 Ariadnae
625 3155 729 3234 filius,
752 3155 857 3218 Thoas
877 3176 953 3219 vero
969 3155 1037 3234 ejus
1051 3156 1153 3220 frater
1170 3177 1209 3218 es
1225 3152 1337 3218 eadem

278 3261 415 3326 Ariadna
434 3263 577 3349 genitus,
603 3261 646 3323 ita
664 3276 701 3323 ut
719 3260 914 3348 Hypsipyle,
938 3281 1010 3348 quar
1026 3281 1060 3327 se
1073 3260 1180 3324 Minoo
1196 3259 1340 3322 Thoante

277 3383 383 3429 natam
398 3365 553 3454 gloriatur
570 3364 656 3452 apud
672 3362 768 3426 Ovid.
785 3364 886 3450 Epist.
902 3354 962 3442 Vl,
979 3385 1023 3430 vs.
1041 3367 1119 3442 114,
1139 3364 1166 3428 si
1184 3365 1280 3428 lason
1299 3385 1338 3428 ex

276 3471 399 3551 llhoeo,
415 3471 560 3559 Staphyli
583 3469 663 3551 filia,
685 3469 799 3534 luisset
823 3485 933 3550 natus,
950 3471 1018 3552 ejus
1040 3471 1154 3536 fuisset
1174 3469 1338 3557 patruelis.

277 3582 318 3642 At
343 3577 375 3638 in
403 3577 466 3640 hoc
479 3603 480 3606 ¹
493 3575 572 3639 illud
593 3577 734 3664 primum
752 3575 890 3640 offendit
910 3577 944 3638 in
965 3576 1141 3665 Staphylo,
1166 3575 1224 3663 qui
1248 3590 1339 3641 aetate

277 3678 365 3763 prior
379 3679 595 3765 Argonautica
611 3676 834 3764 expeditione,
853 3678 922 3764 ipse
946 3677 1008 3741 sub
1034 3695 1152 3765 nepote
1174 3697 1234 3740 suo
1253 3676 1339 3739 mili·

276 3798 343 3844 tare
357 3804 422 3846 non
439 3783 556 3869 potuit.
569 3787 610 3847 At
626 3783 759 3846 alterum
776 3782 895 3864 majus,
907 3781 997 3870 quod
1010 3782 1155 3846 Theseus
1171 3783 1239 3869 ipse
1256 3780 1341 3844 inter

278 3891 477 3976 Argonautas
500 3911 568 3950 non
596 3904 722 3954 tantum
750 3904 952 3968 numeretur,
975 3911 1081 3976 aquo
1107 3885 1282 3954 Ariadnam
1304 3887 1339 3950 in

278 3996 369 4058 Naxo
384 3993 540 4058 desertam
558 3995 700 4058 Bacchus
717 3995 849 4060 demum
864 3994 970 4074 duxit,
987 4011 1020 4058 et
1035 3995 1118 4058 hano
1132 3990 1255 4082 prolem
1273 4013 1341 4056 sus·

277 4101 372 4191 cepit,
399 4101 456 4166 sed
481 4102 574 4188 plura
603 4102 738 4190 gessisse
764 4101 900 4180 dieitur,
918 4123 990 4187 quae
1017 4101 1049 4162 in
1077 4121 1176 4162 uuam
1199 4097 1340 4162 hominis
