3006 4676
377 405 793 488 ARGONAUTIGON,
824 405 911 469 LIB.
935 405 1040 469 VIII.
1187 429 1248 492 207

224 539 326 628 Erigit
341 538 494 627 AbsyrtI,
511 555 609 626 atque
625 536 701 602 odio
718 535 914 602 tumefactus
932 536 1022 600 inani

223 653 351 717 Efferus
369 650 498 734 AEetes,
516 667 637 715 certare
652 650 822 715 ultricibus
838 650 935 716 armis

225 768 264 832 In
279 784 335 832 tua
351 769 416 832 fata
430 767 526 848 velit,
544 784 577 832 et
593 767 705 832 euntia
721 767 792 830 vela
808 767 951 848 morari,
1022 779 1027 788 '

223 883 299 947 Non
317 884 433 948 animis
448 883 580 966 cedam,
594 905 663 946 non
680 881 793 948 cedam
811 883 914 948 milite
931 881 1047 966 Graio,
1065 959 1066 964 γ

224 1000 379 1088 Justaque
396 1000 429 1063 in
448 999 599 1064 adversos
617 998 819 1064 committam
835 999 943 1088 praeIIa
965 1000 1138 1064 Colchos».
1214 1021 1252 1068 tao

224 1114 276 1178 Sic
292 1115 358 1179 ait:
378 1113 432 1178 illa
448 1114 536 1203 gravi
551 1111 723 1177 ductorem
744 1111 842 1178 affata
858 1113 971 1178 dolore
988 1131 1059 1180 est:

275 1227 386 1293 «Num
404 1228 492 1292 venti
509 1250 582 1292 mea
594 1241 687 1309 rota,
706 1227 803 1291 simul
820 1244 877 1292 tua
890 1228 990 1292 verba
1008 1230 1171 1308 tulerunt,

227 1341 401 1425 AEsonide,
419 1365 457 1406 ac
470 1343 590 1432 pariter
606 1364 699 1407 curas
714 1342 869 1432 pepulere
884 1343 1028 1432 priores?
1141 1359 1145 1364 '

225 1460 385 1549 Tempora
401 1458 560 1540 causatis,
583 1458 749 1546 subitique
767 1459 910 1547 pericula
925 1457 1023 1538 belli,

226 1578 402 1666 Postquam
418 1577 453 1640 in
469 1575 611 1640 deterius
627 1576 714 1664 lapsa
729 1591 779 1640 est
790 1575 924 1641 fortuna
940 1577 1037 1642 Citeae
1214 1595 1252 1646 ⁴⁹⁵

227 1692 401 1783 Conjugis,
421 1707 454 1756 et
471 1707 584 1755 noster
602 1711 671 1754 non
690 1706 739 1755 est
754 1691 939 1780 reparabilis
956 1694 1061 1756 error!

226 1807 323 1870 Nunc
339 1806 478 1870 Martem
497 1803 629 1870 differre
645 1803 743 1886 libet,
766 1827 856 1868 nunc
873 1804 1025 1869 Colchica
1041 1805 1142 1890 bella,

225 1919 302 1984 Post
318 1917 483 1984 connubia
497 1934 591 2007 pacta
609 1931 876 2007 exspectatusque
894 1917 1092 2008 hymenaeos.

119 2060 121 2069 ·
225 2034 278 2098 Tu
296 2049 424 2099 tantum
440 2029 568 2098 confide
585 2031 683 2114 mihi,
699 2031 834 2120 placabo
853 2032 1016 2098 fluentem
1116 2109 1122 2115 ι

225 2148 445 2232 Germanum,
461 2163 495 2211 et
508 2145 637 2212 blandis
654 2167 852 2235 componam
868 2141 975 2236 proelia
991 2147 1102 2231 dictis,
1217 2165 1255 2206 ⁵00

225 2265 361 2355 Legatos
377 2263 472 2329 donis
489 2263 655 2346 mulcens,
671 2279 769 2350 atque
786 2262 886 2328 effera
902 2261 1000 2328 corda
1009 2294 1033 2328 ι.

269 2381 401 2446 Phasias
416 2380 468 2446 bit
484 2396 636 2446 moesmm
648 2380 756 2444 verbis
775 2380 897 2444 solatrrr
910 2395 1090 2462 amantem,

226 2494 476 2584 Ancipitemque
493 2494 612 2558 iterum
629 2495 742 2558 vinclis
758 2493 968 2584 propioribus
983 2511 1095 2561 arctat.

227 2610 322 2700 Cogit
337 2609 420 2674 inire
435 2605 548 2692 dolos,
565 2624 598 2673 et
612 2609 792 2696 perniciosa
809 2631 922 2697 parare

229 2723 332 2788 Eritis
350 2722 508 2810 Absyrto,
528 2743 589 2785 uec
606 2743 674 2784 non
691 2721 887 2808 praemittere
903 2721 990 2786 dona
1221 2745 1258 2783 aas

99 2865 105 2872 ·
228 2837 389 2926 Hospitii,
406 2835 563 2900 AEsonius
580 2855 652 2922 quae
670 2855 776 2921 nuper
791 2835 931 2898 contulit
947 2835 1054 2900 heros.

229 2953 267 3017 In
284 2950 398 3041 primis
414 2949 548 3040 peplum
566 2947 777 3037 Hypsipyles,
797 2945 888 3034 quod
905 2948 1046 3012 tinxerat
1060 2950 1176 3023 ardens

229 3067 396 3155 Purpura,
414 3081 447 3129 et
461 3062 588 3153 Ogygio
607 3060 827 3150 pulcherrima
844 3060 955 3127 Gratia
972 3065 1099 3130 Baccho

228 3185 304 3248 Arte
317 3179 474 3246 laborarit
495 3177 632 3244 madidae
651 3199 754 3266 prope
772 3178 867 3242 litora
885 3179 963 3244 Diae.

228 3300 305 3362 Haec
323 3296 472 3360 Bromius
490 3309 568 3358 nato
586 3292 701 3357 tribuit
717 3309 931 3358 monumenta
946 3294 1106 3376 Thoanti,
1220 3315 1258 3354 sn

229 3411 478 3502 Hypsipylaeque
494 3407 618 3490 Thoas3
638 3407 714 3473 dein
733 3407 881 3492 Lemnia,
901 3409 1009 3474 saucia
1024 3433 1153 3494 amore,

228 3527 352 3618 Regina
369 3523 527 3615 Argolico·
541 3522 596 3587 dat
611 3523 698 3612 regia
713 3521 801 3588 dona
814 3539 963 3616 tyranno.

231 3643 315 3706 Hinc
334 3639 418 3705 odor
435 3636 618 3703 ambrosius
637 3636 735 3726 gratis
750 3636 913 3702 afflatibus
932 3637 1043 3716 hesit,

229 3755 386 3820 Incubuit
402 3770 575 3843 postquam
590 3751 717 3840 rapiens
733 3749 878 3816 Minoida
897 3768 1007 3817 natam

227 3870 389 3950 bacchus,
404 3884 437 3931 et
453 3865 587 3931 adverso
601 3863 772 3942 conjunxit
786 3881 918 3953 pectore
933 3883 1064 3955 pectus,
1220 3889 1256 3928 ωε

231 3983 407 4070 Postquam
421 3979 589 4048 Gnosiacis
608 3977 792 4042 comitatam
810 3980 943 4070 carbasa
958 3981 999 4046 ab
1015 3983 1079 4048 oris

230 4097 351 4180 Attica,
372 4093 510 4160 crudelis
526 4093 670 4157 Theseus
689 4091 723 4154 in
741 4091 835 4158 litore
849 4093 916 4156 Diae
