3002 4680
240 328 283 404 64
538 327 573 390 C.
597 325 802 390 VALERII
832 327 1007 392 FLACCI

285 457 467 522 Promisere
481 455 585 520 mihi?
600 454 695 520 nobis
708 461 817 546 Argoa
833 459 964 546 parabas

284 571 411 638 Scilicet
425 570 557 650 auxilia,
571 585 604 633 et
617 585 720 634 tantas
732 570 929 660 conjungere
940 573 1034 636 vires.

284 688 371 751 Saeva
387 684 520 774 quidem
536 684 623 749 lucis‘
636 685 759 748 miseris
776 697 886 768 mor'a3
904 685 985 751 dent
1000 703 1129 767 tamen,
1145 708 1222 767 oro,

286 803 399 866 Unum
418 800 510 864 illum
528 800 608 862 mibi
624 800 688 864 fata
706 798 813 881 diem,
829 822 896 887 quo
912 802 999 865 fallat
1014 800 1152 865 Achivos

284 917 336 982 sic
352 915 501 995 meritos,
519 936 650 1002 quoque
669 914 758 978 huuc
771 913 898 978 videam
913 916 1032 979 virtute
1049 913 1225 1003 superbum
1272 931 1311 982 ⁷³⁵

286 1028 487 1110 AEsoniden,
506 1043 612 1092 tantos
628 1026 759 1092 flentem
775 1028 845 1092 sine
859 1028 986 1092 honore
999 1028 1125 1093 labores
1135 1059 1158 1091 n.

330 1145 462 1207 Dixerat
476 1143 563 1224 haec,
580 1155 758 1230 pectusque
776 1141 842 1206 suis
858 1143 1025 1207 everberat
1041 1142 1154 1222 armis,

287 1259 330 1324 Et
345 1246 472 1348 galeam
481 1255 579 1338 fletu,
596 1256 717 1345 galeam
736 1255 931 1345 singultibus
947 1256 1077 1346 implet3

287 1375 359 1439 Ibat
375 1373 457 1437 etin
474 1371 574 1436 medii
589 1394 731 1460 praeceps
748 1370 898 1436 incendia
914 1371 1009 1453 belli,

289 1491 330 1553 Ni
345 1489 436 1577 prior
449 1487 590 1551 adversis
607 1486 708 1550 Pallas
721 1485 854 1550 vidisset
868 1485 909 1550 ab
925 1487 1042 1566 armis,

287 1605 329 1668 Et
341 1625 472 1667 secum:
489 1601 590 1666 «Ruit
606 1623 679 1664 ecce
697 1601 787 1664 ferox
802 1601 837 1664 in
853 1600 967 1664 funera
982 1599 1113 1679 Perses,

291 1722 398 1804 Quem
415 1719 542 1810 genitor
557 1716 687 1780 Colchis
702 1717 849 1803 solioque
865 1737 1023 1804 reponere
1039 1716 1144 1779 fratris

289 1837 359 1900 lam
376 1832 496 1896 statuit.
515 1832 634 1903 Nostra
649 1851 763 1893 vereor
778 1851 820 1892 ne
835 1827 949 1893 fraude
962 1845 1167 1918 peremptum

289 1950 455 2036 Increpet,
471 1962 503 2010 et
519 1945 647 2032 culpam
663 1944 747 2008 hanc
763 1966 882 2033 magno
898 1960 1020 2009 terrore
1034 1943 1223 2032 rependat».

333 2065 411 2129 Ilaec
426 2063 536 2127 dicens
552 2077 623 2125 atro
640 2060 792 2124 nebulam
809 2059 965 2124 diffundit
980 2061 1118 2141 amictu,
1275 2079 1312 2131 7⁴⁵

278 2289 331 2359 733.
348 2297 529 2344 Miseriarnedo.
543 2298 633 2343 Bonon.
649 2297 702 2343 rod.
718 2299 810 2342 Bonon'.
825 2296 844 2341 l.
860 2297 913 2340 lara
928 2304 962 2340 ert
979 2297 1067 2341 miseris
1086 2295 1159 2342 modo.
1176 2299 1265 2344 Bonon.
1282 2299 1313 2345 ll.

247 2405 278 2415 —
290 2377 342 2438 734.
355 2377 425 2424 Fellet
439 2375 569 2438 prosallet.
580 2375 655 2424 Vatis.
666 2375 722 2421 rod.
735 2375 816 2420 Frallet.
830 2375 919 2419 Bonan.
930 2373 983 2420 eod.
995 2373 1090 2420 Fallere.
1105 2373 1158 2420 Ald.
1174 2376 1275 2428 Fallere,
1291 2387 1315 2423 et

246 2473 315 2504 versu
325 2472 374 2518 seq.
387 2457 483 2519 quisque
497 2455 559 2502 velit.
573 2459 662 2502 Bonon.
681 2456 693 2501 1
712 2461 735 2500 et
752 2455 784 2500 ll.
802 2457 866 2499 lunt.
883 2455 968 2500 blaser.
987 2455 1086 2514 lingent.
1103 2479 1135 2489 -
1151 2454 1204 2514 735.
1217 2457 1314 2504 Videam

245 2553 337 2601 qunque
349 2537 414 2582 lune.
428 2535 482 2582 lid.
494 2536 538 2582 En.

246 2752 295 2786 nas
315 2731 436 2784 daturum
450 2767 457 2794 ,
475 2731 634 2802 promiseras
653 2728 759 2782 Graeco·
802 2741 916 2801 quatuor
928 2727 1070 2782 versiculos
1081 2729 1122 2781 bis
1135 2729 1248 2801 posituro
1260 2750 1314 2784 non

245 2831 307 2866 rum
319 2811 455 2863 auxilium.
469 2813 581 2862 Scilicet!
803 2810 864 2863 satis
872 2809 969 2881 placet.

282 2893 343 2961 733.
368 2895 436 2941 Saeva
462 2893 559 2957 quidese
582 2893 642 2941 lueis
665 2892 758 2942 miseris
838 2891 899 2960 738.
920 2893 1024 2941 Galeam
1035 2893 1100 2960 fletu
1128 2903 1152 2940 et
1171 2891 1315 2958 singultibus

247 2991 331 3032 mora,
340 2969 466 3041 longioris
476 2969 533 3022 vitre
541 2965 618 3020 taedet
626 2968 756 3033 infelices,
802 2972 896 3039 implet,
905 2988 994 3022 secum
1004 2967 1077 3021 dolet
1086 3008 1093 3033 ‚
1102 2967 1219 3021 dolorem
1227 2980 1315 3022 tamen

246 3055 311 3104 tuac
324 3051 472 3117 tasnenfata
484 3051 548 3099 diem
561 3051 638 3109 dent,
654 3050 759 3117 qnofal·
803 3047 875 3120 galea
892 3048 974 3118 tegit,
985 3059 1010 3099 et
1021 3051 1077 3118 jam
1089 3047 1117 3098 in
1129 3065 1161 3098 eo
1173 3059 1231 3113 est,
1246 3060 1275 3100 ut
1287 3049 1315 3101 in

246 3136 284 3183 lat
295 3133 399 3182 Achivos
411 3132 446 3179 ric
458 3131 553 3179 meritos
564 3126 654 3196 (deest
663 3146 760 3198 suppo·
803 3125 905 3178 medios
916 3125 1005 3180 hostes
1017 3143 1044 3177 se
1054 3123 1208 3195 praecipitet.

247 3211 346 3274 situm,
367 3206 440 3280 quod
466 3218 579 3269 vocant,
600 3223 696 3278 nempe
713 3225 759 3257 rea
839 3212 899 3276 740.
909 3207 944 3255 Ni
948 3207 1020 3271 prior
1027 3205 1136 3254 adversis
1146 3207 1229 3254 Pallas
1238 3207 1316 3256 vidis·

247 3295 339 3343 AEeres.
356 3287 449 3358 Aptius
462 3297 551 3338 tamen
566 3285 636 3356 leges
654 3287 709 3352 qui,
723 3303 758 3336 sc.
803 3287 977 3343 setabannis,
991 3296 1023 3334 ex
1036 3281 1158 3353 opposita
1169 3282 1224 3334 acie
1236 3285 1316 3338 AEetss

247 3369 303 3422 dies
314 3375 340 3438 ),
351 3383 448 3434 quoque
457 3367 558 3416 videare
567 3364 690 3416 iasonem
702 3378 759 3414 ten·
802 3375 829 3416 et
844 3365 1072 3434 Argonautarum,
1092 3360 1189 3432 quibus
1207 3361 1315 3428 aderat,

247 3465 282 3500 sos
291 3451 408 3518 flentem,
421 3443 553 3498 dolentem
566 3480 573 3505 ,
588 3446 641 3494 sire
654 3447 759 3502 honere,
804 3454 830 3495 et
846 3459 951 3496 secum:
970 3444 1172 3512 fluitinfimere,
1186 3455 1314 3509 mortem,

247 3527 326 3598 digna
341 3522 565 3586 remuneratione,
578 3526 682 3574 labores.
804 3529 900 3585 Perses,
923 3541 1002 3594 quem
1023 3533 1109 3574 tamen
1132 3523 1189 3594 ipse
1215 3523 1316 3596 Jupiter

283 3609 344 3676 737.
358 3607 476 3665 Dixerat,
491 3613 516 3655 et
523 3617 609 3671 peetus
626 3607 675 3654 suis
691 3622 758 3654 ever·
803 3604 878 3656 fratri
886 3621 1062 3658 successorem
1077 3601 1222 3656 destinavit.

247 3691 317 3737 beret
335 3685 427 3742 annin
448 3683 499 3735 hoo
521 3682 636 3734 voluisse
655 3681 760 3734 videtur
840 3679 1317 3754 743.Vereer,nenostrafraude‚do·

247 3761 383 3816 Valerius:
395 3779 457 3813 ense
465 3761 535 3814 feriit
543 3761 677 3832 clypeum,
687 3758 760 3832 qnod
805 3762 831 3815 lo
839 3763 957 3835 maligno
966 3802 973 3828 ,
983 3777 1131 3832 peremptura
1147 3765 1255 3830 increpet
1269 3761 1317 3812 Ju-

249 3844 336 3896 facere
345 3840 372 3891 ln
383 3839 503 3912 pralium
513 3839 687 3912 procedentes
698 3841 761 3913 Scy·
804 3844 884 3917 puer,
894 3857 917 3896 sl
927 3847 1024 3914 culpam
1033 3847 1099 3895 tanc
1109 3861 1202 3909 magno
1213 3855 1316 3899 terrore,

249 3921 301 3974 thu
314 3918 435 3973 solebant
450 3924 493 3988 (r.
509 3937 604 3992 snpra,
615 3919 665 3972 boe
675 3919 760 3984 libro,
805 3923 965 3996 mentumis
983 3923 1084 3984 verbis,
1107 3925 1239 3990 rependat,
1252 3919 1317 3973 ulci-

250 4020 276 4054 r.
288 4017 322 4070 99
331 4001 360 4068 );
373 3999 462 4052 forsan
476 4011 564 4052 tamen
576 3999 655 4053 aliam
665 4018 761 4073 posue·
805 4014 902 4057 matur.

248 4092 290 4132 rat
307 4097 401 4134 vocem
416 4089 508 4152 poeta,
521 4097 584 4134 nam
600 4083 675 4132 armis
692 4080 760 4134 intra
841 4081 901 4152 745.
911 4085 971 4135 Hoec
980 4081 1064 4134 dicens
1077 4093 1130 4131 atro
1141 4081 1229 4130 amictu
1240 4077 1318 4132 indu·
