2958 4704
242 365 308 442 408
628 321 928 438 CATALOGUS

243 488 365 569 Felice,
384 489 464 552 Diss.
484 492 534 570 11,
550 479 572 566 ς
592 498 629 574 4,
655 493 872 560 eruditissime
894 521 932 561 ex
953 498 1168 586 Lycophrone
1188 517 1223 564 et
1248 501 1327 564 aliis
1453 524 1454 531 ¹

245 593 470 658 meruerunt.
487 597 634 660 Lei-Sena
651 601 764 682 etiam,
781 603 856 689 quia
876 615 986 683 ιῠμιλῑης
999 604 1208 670 Phalerus'ah
1221 607 1330 696 Apol·

207 751 216 768 ,
244 703 333 766 l'onio
359 720 503 782 vocatur,
529 705 605 768 inde
631 706 802 796 Neapolim
824 711 995 774 Eumelido
1017 714 1123 777 vocari
1148 737 1166 777 a
1191 707 1326 795 Statio,
1459 709 1460 712 ¹

244 807 319 870 silv.
330 809 385 887 lV,
403 809 540 890 etVlll,
558 815 618 896 49,
631 813 750 896 credit;
766 817 799 878 in
819 839 886 904 quo
903 817 975 880 loco
993 817 1182 906 explicando
1199 820 1328 884 admo·

243 911 323 976 dum
340 913 458 978 sudan't
476 915 686 1003 interpretes3
702 919 758 982 sed
772 920 954 985 Domitium
972 922 1181 988 Calderinum
1194 925 1266 1005 jam
1289 925 1327 988 id

149 1091 152 1099 Ι
245 1019 443 1105 suspicatum
467 1020 579 1101 fuisse,
599 1023 673 1087 licet
697 1026 749 1088 ille
769 1026 810 1088 ab
827 1027 965 1092 Eumelo
983 1029 1204 1119 Parthenopes
1222 1027 1334 1119 patre

244 1121 399 1206 deducat,
419 1127 544 1204 exejus
569 1130 673 1211 notis,
697 1153 777 1216 quas
801 1135 885 1196 l'orte
912 1158 949 1198 ex
978 1137 1113 1222 antiquo
1137 1137 1327 1225 glossatore

244 1231 463 1313 concinnavit,
483 1251 632 1320 apparet5
647 1235 719 1298 vide
735 1235 776 1300 ad
792 1238 886 1303 Ovid.
900 1240 977 1305 Met.
991 1242 1071 1322 Vll,
1090 1241 1163 1326 390.

288 1419 470 1501 PHANUS,
496 1423 640 1507 Dionysii
661 1426 727 1488 sive
752 1425 872 1490 Bacchi
897 1414 997 1510 lilius,
1025 1431 1086 1494 soli
1112 1431 1324 1518 Apollodoro

243 1543 432 1590 numeratus
449 1528 533 1590 inter·
551 1531 767 1618 Argonautas,
784 1533 879 1596 nobis
898 1533 1049 1624 ignotus,
1072 1533 1146 1598 vide
1170 1537 1256 1598 infra
1284 1537 1322 1598 in

244 1629 396 1720 Staphylo
409 1634 478 1713 ejus
493 1634 662 1697 fratre.·An
681 1635 798 1700 abhoc
813 1639 1021 1726 proverbium
1038 1651 1117 1703 niven
1130 1653 1190 1722 θύρα
1203 1659 1322 1705 ortum

244 1739 364 1801 nescio.
381 1739 492 1802 Refert
505 1739 538 1802 id
554 1741 706 1805 Erasmus
722 1768 760 1807 ex
772 1745 888 1828 Suida,
901 1747 1001 1828 titulo¹
1013 1747 1232 1834 Indiligentioe.
1249 1747 1321 1812 Sed

243 1843 296 1906 ille
309 1854 396 1914 Φάυιος
413 1843 531 1907 dicitnr
548 1847 712 1930 Zenobi0,
735 1849 867 1914 Centur.
890 1851 946 1933 IV,
964 1855 1005 1929 al
1018 1876 1027 1932 3
1041 1863 1141 1923 oditur
1157 1876 1174 1917 a
1193 1853 1322 1943 Dioge-

246 1950 361 2030 niano,
379 1951 511 2014 Centur.
530 1951 569 2031 V,
594 1950 629 2033 53
650 1955 839 2021 Eustathius
861 1957 1022 2021 ,Phaniam
1044 1975 1154 2040 votat,
1181 1974 1322 2022 notante

246 2053 390 2118 schotto,

257 2251 260 2260 f
290 2221 569 2298 PHILAMMON,
594 2217 744 2306 Apollinis
761 2233 794 2280 et
817 2219 947 2282 Chiones
972 2218 1056 2282 lilius
1077 2206 1226 2308 Hygino,
1249 2219 1318 2282 fab.

248 2347 326 2404 auo,
339 2341 371 2386 et
388 2325 520 2404 Ovidio,
541 2325 619 2387 Met.
635 2324 700 2400 XI,
720 2322 794 2410 317,
823 2324 880 2386 ubi
895 2324 1044 2410 pluribus
1062 2322 1103 2387 de
1127 2345 1166 2388 eo
1193 2340 1317 2386 actum.

247 2432 433 2508 hraconocs,
450 2431 500 2493 vel
517 2429 705 2493 hacotloes
715 2479 725 2508 ,
747 2447 783 2493 ut
800 2431 870 2512 alii,
897 2429 999 2494 lilium
1016 2431 1090 2494 lacit
1107 2431 1226 2518 Hygin.
1241 2430 1317 2509 161,

246 2537 302 2599 ubi
319 2535 392 2599 vide
409 2525 562 2600 scheller.
577 2553 610 2599 et
625 2536 709 2598 infra
720 2536 754 2598 in
768 2535 965 2614 Thersanon3
978 2535 1041 2599 fuit
1051 2534 1204 2621 Autolyci
1214 2535 1315 2598 frater

244 2654 399 2722 ὁμομήτριος.
414 2643 511 2706 Hune
524 2641 716 2706 scholiastes
728 2641 880 2728 Apellen,
895 2641 950 2704 lib.
963 2643 988 2721 l,
1004 2645 1063 2721 al,
1078 2663 1115 2704 ex
1126 2639 1313 2728 Pherecyde

246 2763 353 2810 narrat
377 2769 451 2810 cum
476 2749 669 2838 Argonautis
696 2748 876 2836 navigasse,
906 2771 972 2810 non
995 2769 1072 2810 vero
1096 2747 1235 2834 Orphea.
1262 2747 1313 2809 De

135 2855 138 2862 “
246 2853 439 2917 confusione
453 2854 534 2917 cirea
549 2854 638 2916 hune
656 2870 689 2917 et
700 2853 908 2942 Eumolymm,
924 2853 997 2917 vide
1014 2875 1086 2941 quae
1099 2852 1140 2916 ad
1157 2851 1313 2916 Ovidium

248 2975 358 3024 notata
374 2961 429 3024 lib.
448 2961 512 3041 lx,
533 2961 594 3046 93,
613 2977 645 3024 et
662 2985 700 3023 ex
717 2960 812 3023 Pont.
832 2961 899 3042 lll,
921 2959 958 3041 3,
982 2966 1034 3039 lt.
1056 2960 1125 3024 Nec
1140 2959 1314 3022 verisimile

147 3119 154 3132 .
248 3087 331 3147 esse,
343 3067 432 3130 hune
445 3090 520 3130 cum
536 3067 737 3156 Argonautis
749 3054 923 3153 navigasse,
936 3055 1086 3130 evincent
1102 3063 1169 3145 illa,
1185 3087 1257 3154 quae
1270 3062 1314 3126 de

248 3171 407 3256 Autolyco
420 3173 489 3252 ejus
506 3171 603 3234 fratre
618 3193 714 3258 supra
732 3168 883 3234 diximus.
955 3209 957 3214 ,

291 3348 595 3428 PHILOCTETES,
610 3346 693 3412 filius
712 3347 865 3429 Poearttis,
880 3369 920 3410 ex
931 3346 1098 3427 Meliboea,
1116 3321 1191 3410 satis
1204 3361 1313 3410 notus.

248 3453 310 3516 Hic
335 3452 377 3516 ab
402 3453 533 3541 Hygino
557 3469 588 3516 et
606 3453 676 3516 val.
699 3452 746 3516 Fl.
763 3453 807 3534 sl,
838 3452 898 3538 391
920 3453 997 3516 solis
1017 3465 1206 3516 recensetur
1229 3451 1315 3514 inter

247 3543 500 3645 Argonautas3'a
510 3557 641 3645 reliquis
654 3556 806 3623 omnibus
823 3556 997 3637 omittitur,
1015 3571 1047 3620 et
1059 3557 1145 3638 jure,
1163 3571 1201 3618 ut
1213 3570 1313 3642 puto;

111 3696 115 3706 ¹
250 3663 428 3728 nonenim
450 3663 637 3744 verisimile,
665 3663 691 3724 si
720 3663 878 3727 rationem
903 3677 1088 3751 temporum
1114 3677 1315 3750 spectemus,

250 3791 325 3831 eum
354 3770 485 3855 utrique
516 3767 713 3855 expeditioni
736 3769 960 3857 Argonauticae
985 3784 1017 3832 et
1038 3767 1186 3847 'l'rojame
1214 3767 1314 3829 inter·

250 3876 364 3956 luisse,
377 3873 467 3963 qnod
481 3875 542 3940 soli
553 3875 700 3956 Nestori,
712 3876 861 3940 omnium
880 3875 1018 3938 maxime
1033 3874 1198 3964 longaevo,
1214 3872 1317 3936 conti-

251 3982 334 4070 gisse
349 3981 486 4044 dieitur:
506 4003 605 4069 quare
621 3981 673 4045 alii
690 3981 855 4046 Poeantem
871 3979 939 4060 ejus
955 3997 1079 4069 patrem
1095 3981 1316 4067 Argonautam

251 4087 396 4171 l'aeinnt,
414 4087 466 4151 cui
483 4103 518 4162 et
532 4087 704 4152 Herculem
719 4086 848 4175 sagittas
865 4107 939 4150 suas
956 4083 1083 4150 dedisse
1096 4083 1208 4152 scribit
1218 4081 1316 4168 Apol·
