3006 4676
259 343 322 410 258
417 340 504 406 PIO
526 281 775 419 AUCTORE,
798 333 1165 403 SUPPLEMENTA

303 474 417 556 Quum
435 471 544 536 subito
560 469 741 535 AEsoniden
756 470 969 535 circumstetit
985 470 1116 560 agmine
1130 471 1215 536 facto
1253 519 1261 550 ,
1290 489 1331 537 διο

301 586 405 653 Obvia
422 583 651 674 Nympharum
670 585 795 650 nubes:
813 600 923 673 stupet
940 584 1055 648 anxius
1071 583 1140 665 ille,

302 703 415 789 Atque
430 698 505 763 deas
519 699 640 763 veritus
657 713 745 762 retro
764 721 823 762 sua
838 697 962 762 lumina
980 694 1096 779 flectit3

303 815 452 897 Quarum
470 810 574 900 prima
589 809 707 876 ducem
723 811 830 876 verbis
849 809 970 875 affatur
983 809 1094 874 amicis
1111 833 1119 875 ε

346 928 504 1009 «infelix,
522 948 594 1015 quae
611 942 700 991 tauta
716 927 882 1010 animum,
899 943 1108 1016 mentemque
1123 924 1250 1014 peredit

300 1046 386 1109 Cura
402 1060 511 1124 tuam,
530 1039 672 1108 ductor?
687 1043 810 1132 pelagi,
829 1057 988 1130 terraeque
1004 1042 1130 1106 labores
1283 1059 1323 1104 ³4⁵

301 1158 460 1224 Novimus
480 1157 672 1239 exhaustos,
690 1173 724 1222 et
741 1171 847 1222 totum
868 1157 951 1222 bella
964 1179 1023 1246 per
1038 1155 1152 1220 orbem

299 1272 430 1337 Viribus
448 1269 620 1361 Argolicis,
642 1270 822 1360 vestrisque
837 1287 965 1360 peracta
977 1270 1113 1335 lacertis.

298 1387 430 1451 Vocales
449 1400 541 1449 terme
556 1385 732 1473 Nympha,
752 1385 928 1474 pecorique
941 1384 1085 1475 regendo

298 1499 416 1568 S'edula
433 1499 530 1564 turba
547 1516 862 1589 sumus,custosque
876 1497 1051 1590 Libystidis
1068 1519 1142 1564 orae.

297 1616 421 1681 Verum
435 1637 510 1704 age,
524 1635 596 1692 rex,
607 1637 650 1680 ue
664 1613 743 1679 cede
758 1615 867 1680 maliet
881 1614 961 1703 quin
975 1613 1087 1697 fortis,
1101 1627 1134 1679 et
1146 1613 1324 1681 audenstto
1399 1701 1401 1706 ι

299 1729 449 1795 Adversis
465 1749 616 1812 occurre,
637 1727 735 1793 deum
752 1728 876 1794 felicior
892 1730 974 1794 hora

296 1847 414 1910 Curret
429 1865 511 1934 ope:
526 1859 617 1932 patet
631 1844 666 1908 in
686 1843 776 1909 duris
792 1843 965 1934 prudentia
980 1844 1088 1910 rebus.

295 1961 455 2050 Evigilent
468 1959 557 2024 socii.
574 1960 721 2049 Neptuni
735 1960 800 2040 jam
819 1961 879 2026 tibi
894 1983 1028 2025 currum

299 2078 406 2164 Atque
422 2091 509 2140 rotas
526 2074 645 2140 celeres
659 2075 762 2140 solvet
776 2075 855 2140 levis
871 2075 1077 2163 Amphitrite.

295 2191 412 2256 Mutua
428 2188 486 2254 sed
498 2187 608 2270 matri,
622 2188 814 2272 AEsonides,
829 2212 920 2254 nunc
935 2188 1022 2254 dona
1039 2187 1179 2254 vicissim
1281 2206 1319 2247 ³⁵⁵

298 2303 469 2370 Debentur
483 2301 591 2380 vobis,
607 2325 689 2391 quos
705 2327 792 2369 sacra
807 2304 943 2394 pertulit
957 2305 1044 2388 alvo,

299 2420 402 2501 Cujus
415 2433 449 2482 et
464 2416 585 2481 auxilio
598 2417 724 2502 Danaas
740 2418 876 2482 venietis
892 2417 934 2482 ad
947 2416 1076 2483 urbes».

347 2533 399 2598 Sic
414 2532 487 2596 iatae
502 2530 618 2621 Libyes
636 2531 819 2620 Nymphas,
835 2532 989 2621 propiora
1006 2547 1154 2597 tenentes

299 2629 453 2714 Obscurus
469 2647 559 2729 loca,
577 2645 809 2728 constiterunt,
824 2669 904 2735 quas
920 2647 1042 2712 lumine
1057 2639 1166 2712 lason'

298 2763 517 2842 collustrans,
532 2757 625 2825 dictis
642 2759 687 2825 sie
705 2781 762 2825 ora
778 2761 909 2826 resoluit
925 2761 1059 2827 amicis:
1279 2777 1320 2821 sc·

328 2909 356 2934 ἰ
370 2876 510 2958 Salvete,
531 2897 552 2940 o
568 2897 741 2939 nemorum
758 2873 938 2964 Nyrnphae3
954 2875 1089 2941 caelestia
1105 2891 1252 2941 nostrum

297 2994 372 3058 Non
390 2990 481 3079 capio
500 2988 643 3054 reditum
659 2988 852 3078 spondentia
865 2989 983 3072 verba,
1001 2989 1058 3056 sed
1075 2989 1162 3079 ipsos

298 3109 420 3173 Heroas
437 3125 557 3193 cogens
570 3103 679 3168 audita
698 3082 828 3167 oracula
843 3103 1000 3192 pandam3

208 3303 213 3308 Ι
299 3223 480 3288 Multorum
498 3219 653 3306 quoniam
673 3217 788 3283 melio'r
804 3220 964 3284 sententia
977 3241 1114 3308 semper.
1128 3251 1141 3276 ι
1181 3201 1185 3209 ’

342 3335 447 3417 Dixit,
466 3347 499 3398 et
514 3327 683 3421 assurgens
702 3332 807 3396 socios
823 3331 891 3397 dux
904 3325 1062 3398 convocat
1074 3355 1206 3417 omnes,
1280 3351 1339 3393 365-
1366 3375 1368 3380 ,

299 3451 405 3513 Fauce
421 3447 473 3511 siti
487 3461 615 3527 exusta,
634 3460 731 3533 atquc
747 3445 849 3510 arenti
863 3447 995 3536 pulvere
1011 3447 1125 3514 siccus.

298 3564 343 3628 Ut
355 3563 407 3626 leo
423 3583 482 3650 per
499 3581 615 3624 nemus
632 3559 781 3624 amissam
800 3561 827 3625 si
844 3561 927 3626 forte
942 3561 1075 3625 lemnam

298 3675 467 3764 Vestigans
485 3673 591 3762 rugit,
607 3671 715 3756 fluvii,
734 3673 896 3764 vallesque
912 3671 1084 3764 profundae

299 3793 387 3856 Voce
404 3789 493 3879 gravi
514 3805 710 3878 montesque
726 3807 871 3856 tremunt
883 3789 1099 3881 praeduraque
1115 3815 1203 3874 saxa3

297 3910 445 3994 Agrestes
461 3905 597 3968 horrent
612 3905 694 3968 tauri
705 3913 722 3988 ,'
738 3905 879 3995 durique
896 3907 1055 3972 bubulci:
1280 3927 1319 3979 37⁰

297 4021 349 4085 Sic
365 4017 456 4084 ducis
472 4017 620 4082 horribili
636 4019 774 4106 strepuit
788 4042 850 4084 vox
866 4043 981 4110 magua
998 4021 1124 4110 fragore
