2994 4702
196 391 927 420 mmmmmmmudmmm
932 389 1255 420 mmmm-,mdv-

222 551 227 556 ⁵
322 587 354 618 ”
464 645 1006 771 caranoous

304 931 1160 1073 ARGONAUTARUM

399 1225 488 1312 nx
525 1223 1051 1315 rnoouaurrers
1126 1278 1143 1361 .·

468 1459 515 1505 ΕΤ
553 1459 660 1506 ALllS
692 1457 989 1508 sceleronrnus·

356 1639 386 1708 A
417 1639 703 1710 BURMANNO
735 1634 1069 1731 COLLECTUS(
1094 1635 1120 1730 ).

533 1888 923 1922 ...η-...ημ-

194 2113 399 2212 Aons'rus
422 2145 467 2234 (α)
486 2147 597 2230 rerrae,
615 2147 699 2236 regis
716 2149 902 2230 rhesnnae,
922 2149 1006 2212 finus
1032 2171 1070 2212 ex
1094 2149 1255 2214 Anauon

195 2251 288 2338 (sive
299 2269 337 2318 ut
352 2255 419 2336 alii,
435 2270 516 2320 teate
532 2253 748 2343 Apollodoro,
764 2255 820 2320 lib.
839 2257 854 2319 I
863 2305 872 2338 ,
889 2279 922 2344 p.
939 2255 997 2330 36,
1019 2255 1251 2344 Philomache)

194 2358 313 2422 Biantis
340 2357 421 2442 filia;
449 2361 505 2448 qui
530 2361 601 2424 Bias
628 2376 676 2424 est
697 2363 912 2449 Amythaonis
935 2359 1043 2442 filius,
1064 2361 1115 2424 ille
1142 2377 1252 2426 autem

193 2463 338 2545 Crethei,
354 2465 408 2529 hic
421 2465 604 2547 reroAEoli,
618 2487 657 2529 ex
673 2489 739 2553 quo
757 2483 788 2530 et
801 2465 905 2532 Peliae
920 2466 1151 2532 descendebat:
1168 2466 1253 2530 filius

194 2568 280 2632 anim
290 2571 412 2657 Tyrus,
427 2568 499 2634 liliae
511 2571 672 2634 Salmonei
685 2571 754 2658 (qui
768 2572 895 2636 Crethei
907 2573 1005 2636 frater
1023 2589 1056 2636 et
1064 2571 1151 2637 AEoli
1167 2571 1252 2636 lilius

193 2691 275 2756 erat,
295 2676 369 2740 licet
386 2675 554 2740 Diodorus
574 2677 717 2758 Siculus,
736 2677 791 2741 lib.
810 2679 868 2758 IV,
887 2701 920 2766 p.
944 2678 1021 2760 188,
1037 2679 1132 2743 faciat
1149 2678 1255 2743 lilium*

192 2779 353 2862 Hellenis,
371 2779 458 2845 AEoli
471 2781 657 2870 nepotem),
673 2798 705 2846 et
723 2781 885 2870 Neptuni,
902 2800 971 2848 erat
989 2787 1085 2848 frater
1101 2785 1249 2848 uterinus

193 2885 335 2968 AEsonis,
345 2887 403 2974 qui
414 2908 453 2950 ex
462 2886 573 2951 eadem
582 2889 668 2975 Tyro
679 2903 712 2950 et
720 2887 859 2952 Cretheu
868 2905 936 2952 erat
944 2905 1049 2952 natus.
1060 2889 1110 2953 Ab¹
1118 2891 1253 2977 Erymo·

192 2991 287 3080 logici
296 2991 406 3080 Magni
415 3007 546 3056 auctore
558 2990 676 3056 dicitur
687 3002 770 3073 πατὴρ
780 2993 945 3074 bolorda,
957 3016 1058 3081 quum
1071 2994 1170 3058 fuerit
1181 2995 1252 3075 ejus

194 3097 309 3179 frater,
324 3097 385 3161 nisi
399 3097 493 3161 locus
516 3099 558 3162 sit
582 3117 771 3187 corruptus,
795 3115 827 3163 et
848 3099 1038 3190 legendum,
1058 3103 1173 3173 Ᾰκαστος
1202 3115 1251 3172 υἱὸς

193 3215 294 3271 nauto,
311 3205 611 3283 aerptrralrxlanloc.
626 3205 709 3270 Nam
726 3204 843 3294 idipso
861 3205 952 3270 locus
968 3206 1142 3296 Euripidis,
1151 3231 1249 3296 quem

193 3308 324 3374 adducit
340 3327 469 3391 auctor,
486 3332 525 3374 ex
542 3309 711 3392 Alcestide,
727 3333 808 3375 vers.
826 3309 908 3398 732,
925 3310 1062 3394 indicat,
1079 3312 1137 3376 ubi
1154 3317 1249 3394 ἀδελφὴ
1352 3375 1355 3384 ,

194 3413 330 3497 dieitur,
348 3431 381 3479 et
394 3415 584 3480 scholiastes
602 3414 782 3480 confirmat.
802 3417 863 3482 Hic
879 3417 965 3481 inter
980 3423 1181 3508 Argonautas
1198 3443 1250 3484 re·

195 3519 298 3584 fertur
312 3520 354 3584 ab
366 3521 539 3608 Apollonio
552 3521 699 3604 Rhodio,
715 3521 771 3586 lib.
786 3523 816 3604 I,
836 3527 916 3606 ”lli
927 3523 1068 3613 Hygino,
1081 3525 1148 3590 tab.
1160 3525 1250 3610 XIV,

197 3641 229 3690 et
247 3642 358 3690 nostro
380 3627 668 3715 poeta301nittitur
686 3651 763 3693 vero
778 3629 819 3692 ab
836 3628 1038 3717 Apollodoro
1051 3646 1084 3694 et
1107 3631 1248 3720 Orpheo.

196 3729 293 3795 Poeta
309 3749 434 3815 noster,
452 3733 508 3800 lib.
522 3734 556 3815 l,
571 3753 653 3798 vers.
674 3733 733 3799 163
753 3749 785 3798 et
801 3733 880 3816 484,
898 3757 974 3800 eum
993 3758 1011 3798 a
1037 3737 1152 3801 Jaaone
1174 3759 1249 3828 per·

229 3918 268 3986 (r)
281 3914 352 3971 Vide
361 3917 453 3972 Burro.
463 3918 562 3990 pruriat.
571 3917 611 3986 11,
624 3931 644 3972 t.
655 3921 684 3986 1,
696 3939 755 3993 pag.
765 3939 876 3974 earnm.
887 3921 939 3976 Eo.

232 4005 268 4072 (a)
286 4005 337 4058 Rex
350 4005 431 4070 Iolci,
449 4025 507 4079 qun
520 4021 577 4061 erat
589 4008 748 4080 Magnesia,
764 4007 810 4062 aed
824 4029 841 4062 a
860 4007 935 4064 Peleo
945 4010 1042 4065 deinde
1054 4023 1157 4066 aarum
1166 4013 1251 4066 Tires-

196 4091 271 4146 ulin.
282 4091 386 4148 Pindar.
401 4095 477 4186 ilem.
488 4095 532 4150 od.
543 4096 592 4164 IV,
606 4097 639 4150 88
650 4114 707 4170 sqq.
719 4107 744 4149 et
759 4101 867 4164 Verleya
883 4116 945 4152 mon
955 4093 1111 4154 laudandus.
1125 4099 1214 4155 llaar.
