3022 4678
260 366 321 450 ¹94
348 387 351 391 ·
490 381 493 390 ’
552 359 586 422 C.
612 357 820 423 VALERII
848 357 1029 426 FLACCI

298 493 476 582 Impatiens
493 491 604 556 tremit
626 490 717 555 haste
736 512 852 572 morte,
875 512 936 555 nec
952 490 1081 580 longius
1098 493 1194 576 inter,

300 611 408 691 Quam
426 605 515 696 quod
532 607 594 670 tela
609 621 715 688 vetet,
732 617 879 696 superest
895 627 1002 672 mare:
1024 608 1160 672 vocibus
1177 625 1293 698 urgent
1331 615 1333 618 ’

298 726 444 804 Interea,
461 719 649 809 etpedibus
665 722 797 809 pulsant
814 721 956 786 tabulata
973 722 1158 788 frementes.
1282 741 1320 781 ³⁹⁵

341 839 454 920 Quum
471 836 591 901 subitas
607 833 717 900 videre
731 853 840 920 rates„
854 836 1043 926 vibrataque
1059 836 1197 903 flammis

295 953 461 1041 AEquora,
483 973 551 1014 non
569 972 635 1014 uns
653 949 773 1038 Minyae
788 950 961 1016 formidine
977 969 1135 1042 surgunt3

295 1069 423 1132 Primus
440 1083 473 1132 et
490 1067 523 1129 in
543 1067 697 1153 puppim,
715 1047 840 1130 deserta
857 1065 1000 1155 virgine,
1017 1067 1136 1132 ductor

293 1183 439 1264 Prosilit,
460 1198 493 1246 et
512 1203 639 1246 summa
662 1181 784 1272 galeam
802 1182 886 1268 rapit
900 1183 984 1246 altus
999 1183 1041 1247 sb
1057 1184 1165 1266 hasta3

292 1279 379 1364 Ense
395 1299 492 1362 simul
507 1297 687 1386 clypeoque
705 1295 818 1377 micat;
836 1318 896 1360 nec
914 1313 1028 1361 certem
1043 1299 1148 1387 pubes
1282 1327 1321 1364 sn

292 1414 428 1503 Segnius
445 1413 580 1500 arreptis
597 1412 631 1474 in
650 1411 744 1476 litore
762 1411 908 1475 constitit
929 1413 1036 1478 arinis.

337 1530 381 1593 At
397 1526 476 1611 tibi,
501 1547 574 1615 quse
596 1526 756 1590 scelerum
776 1525 890 1608 facies,
913 1525 1049 1622 liedes,
1076 1529 1237 1594 tuorum?

206 1622 209 1628 Ι
292 1646 413 1727 Quisve
430 1644 539 1732 pudor
557 1643 697 1707 Colchos
715 1643 835 1707 iterum
853 1641 1056 1732 fretremque'
1069 1643 1208 1728 ridenti,

185 1767 197 1780 ‘
291 1756 464 1845 Quidquid
479 1773 512 1821 et
530 1756 692 1821 abscisum
706 1772 795 1822 vasto
812 1756 877 1836 jem
894 1771 965 1820 tuta
984 1757 1149 1846 profundo

289 1871 497 1938 Credideras?
514 1873 601 1961 Ergo
618 1872 761 1936 inl'austo
777 1893 847 1936 sese
865 1872 986 1937 occulit
1002 1889 1113 1957 antro,
1277 1891 1316 1930 ³1⁵

288 1991 364 2054 Non
381 1985 470 2053 aliud
494 2009 593 2075 quarn
618 2001 704 2051 certa
723 1988 827 2068 mori,
849 2008 907 2052 seu
933 2009 1026 2052 cerus
1043 1989 1160 2071 Isson,

287 2105 351 2169 Seu
369 2103 468 2168 irater
483 2101 578 2168 Graia
597 2103 700 2165 rictus
726 2100 896 2166 cecidisset
917 2101 958 2167 sb
975 2103 1077 2168 hesta.

274 2290 327 2338 303.
337 2293 415 2338 Mora.
426 2292 491 2337 lunt
502 2289 556 2335 lld.
569 2291 612 2336 En.

241 2457 339 2528 Virgil.
351 2459 413 2509 AEn.
425 2456 756 2528 1X,773;telaflommata
800 2477 893 2512 omnes
916 2469 1004 2523 metu,
1031 2475 1084 2512 non
1109 2457 1204 2513 iisdem
1229 2460 1315 2514 censis

241 2537 422 2609 veneno,ipse
432 2537 537 2604 Noster,
549 2537 574 2599 1,
590 2539 648 2590 108.
802 2537 884 2591 ducti.

277 2617 337 2670 303.
351 2619 484 2685 Impatiens
498 2635 573 2669 morte
586 2619 664 2669 tminit
682 2621 755 2672 laste
836 2618 895 2672 308.
904 2621 997 2670 Primus
1013 2621 1110 2668 deserta
1125 2617 1153 2670 iu
1164 2621 1244 2674 ttntn)¹
1255 2629 1311 2677 vir-

239 2704 247 2766 (
259 2698 440 2769 prosopopoeis
451 2695 522 2749 haud
532 2697 697 2768 inelegans),
707 2719 753 2750 nee
796 2701 858 2766 gine
866 2700 876 2766 (
884 2697 1031 2769 videqusnt
1039 2697 1113 2749 sueri
1121 2696 1223 2752 delectu
1233 2715 1313 2774 poete

239 2780 336 2846 longius
350 2777 421 2837 inter,
436 2795 511 2844 quam
526 2781 595 2844 qnod
606 2780 656 2828 tela
668 2791 750 2839 vetet,
797 2777 957 2829 celeritatem
970 2775 1074 2828 tasonis
1083 2776 1312 2854 inegendoexpri.

238 2871 349 2924 superest
360 2875 438 2908 mare.
453 2855 549 2910 Sensus
563 2857 663 2910 facilis:
679 2875 753 2910 mere
796 2857 883 2923 met),
897 2857 1005 2923 prosilit,
1021 2855 1124 2925 galeam
1143 2859 1221 2925 rapit,
1241 2865 1315 2914 simol

236 2935 305 2988 inter
332 2946 457 3007 utresque
481 2955 562 2990 naves
585 2935 751 3008 interjectum
796 2943 859 2987 ense
876 2935 1023 3006 clypeoque
1040 2937 1133 2995 micat,-
1147 2955 1193 2987 nee
1210 2945 1312 3008 segnius

237 3015 344 3069 brerins
356 3016 472 3082 lectum,
484 3017 518 3068 its
528 3027 630 3082 temen,
641 3025 671 3067 ut
682 3035 750 3068 non·
797 3029 887 3064 catera
895 3017 970 3081 pules
983 3014 1011 3065 in
1020 3011 1096 3066 litore
1107 3019 1223 3071 constitit.

238 3093 302 3147 dutn
318 3095 369 3148 tels
390 3095 504 3148 invicem
522 3093 619 3167 conjici
636 3106 750 3166 possent.
832 3093 893 3145 312,
914 3095 1018 3146 Interes
1040 3092 1105 3165 quid
1124 3095 1238 3152 Medea?
1260 3105 1313 3154 lili

236 3173 288 3227 Sed
295 3179 323 3230 ri
331 3176 431 3228 interob
438 3187 751 3245 sequenssnperestquum
796 3191 863 3240 quer,
884 3177 986 3235 Medea,
1002 3174 1081 3246 facies
1099 3179 1233 3245 scelernm,
1250 3200 1311 3253 qun

236 3253 387 3308 redundare
397 3253 537 3316 rideatur,
556 3253 678 3306 Heinsius
693 3252 751 3323 ejus
795 3251 843 3303 tibi
865 3270 938 3305 nunc
961 3271 1035 3307 mens
1062 3253 1119 3307 esti
1142 3275 1216 3329 ques,
1242 3279 1311 3332 quos

236 3333 296 3386 loco
312 3352 410 3404 ponere
427 3333 521 3386 inoluit
533 3336 605 3392 inde‚·
624 3331 691 3384 nihil
709 3344 750 3384 te·
795 3343 902 3386 eventus
916 3333 1035 3388 facinora
1052 3347 1098 3387 tua
1117 3335 1248 3402 habeant,
1269 3341 1309 3393 vi·

238 3431 298 3464 men
314 3411 482 3477 novandum,
496 3431 558 3466 nem
577 3423 604 3464 et
621 3411 683 3462 alibi
697 3413 750 3464 Ve-
795 3408 876 3463 desei
892 3413 1029 3478 Quantum
1043 3425 1069 3466 te
1082 3414 1180 3484 pudeat
1195 3417 1309 3473 Colchos

235 3490 315 3544 lerius
336 3491 375 3544 sie
393 3489 427 3544 de
454 3491 599 3544 intervallis
621 3501 748 3563 usurpet,
794 3492 998 3564 conspicientem
1018 3505 1044 3546 et
1066 3495 1175 3549 fratrem
1196 3513 1220 3549 et
1238 3503 1310 3568 qnid·

235 3569 321 3632 inire,
332 3570 383 3624 382
394 3587 402 3634 ;
413 3571 446 3638 V,
460 3571 510 3641 337
520 3587 527 3634 ;
538 3571 589 3634 vl,
600 3588 660 3622 rso.
793 3575 912 3642 quidjam
928 3587 993 3635 treta,
1004 3591 1096 3627 secure
1106 3614 1114 3641 ,
1124 3579 1309 3646 vastoprofim-

273 3647 334 3701 305.
356 3651 477 3701 Tabulata
494 3650 522 3702 in
540 3648 671 3703 naviculis
692 3668 747 3702 non
792 3654 841 3711 do,
859 3650 938 3722 longo
962 3652 1043 3720 inari,
1058 3657 1190 3718 abscisum,
1205 3655 1308 3728 disjun-

235 3727 314 3779 ninris
324 3727 451 3797 urgenda.
791 3735 1040 3796 ctum,etedideras.

271 3807 395 3858 306-311.
406 3804 479 3870 Quid
490 3803 524 3858 sd
539 3805 595 3858 hoec
609 3807 747 3876 Argoneu·
827 3810 890 3864 31⁵.
909 3817 975 3879 Ergo
998 3813 1122 3880 infauste,
1150 3814 1235 3878 tristi,
1253 3837 1308 3869 sese

233 3883 285 3935 tte?
298 3889 376 3951 Qumis
393 3886 485 3934 subitas
504 3885 590 3937 viden
609 3899 688 3946 rates,
706 3889 746 3938 vi·
790 3893 879 3941 occulit
890 3905 979 3952 anm,
999 3911 1048 3943 nort
1064 3895 1135 3944 aliud
1151 3913 1226 3961 quam
1239 3911 1307 3949 certa

233 3966 363 4030 beataque,
371 3963 493 4016 micantis
501 3967 743 4035 ,flammisoequom,
789 3971 852 4020 errori
858 3991 868 4030 ‚-
880 3981 941 4023 noto
960 3971 1198 4044 breviloquentiam
1210 4013 1217 4040 ‚
1236 3993 1304 4046 pro:

232 4058 282 4093 nm
303 4061 354 4093 una
367 4043 503 4106 fumidine
520 4058 634 4114 snrgunt,
653 4063 745 4099 omnes
789 4049 1055 4122 nihilsgens,qusm
1068 4063 1099 4104 ut
1112 4051 1224 4106 firmiter
1233 4054 1305 4126 apud

232 4121 341 4192 quidem
353 4121 466 4189 timent,
484 4141 536 4176 non
551 4122 643 4176 eodem
656 4135 744 4180 temen
788 4127 906 4183 animum
918 4131 1088 4184 constitueret
1098 4133 1174 4184 mori.
